2990 5156
624 429 665 492 25

88 603 158 674 duco
179 605 332 673 sententia
356 606 462 672 statim
487 606 676 694 corrigebam
700 595 841 696 ἦδίστην,
868 602 1016 693 ignorans
1040 599 1214 687 eamipsam

85 723 242 791 lectionem
265 729 385 789 exstare
407 723 439 788 in
468 722 524 788 cod
549 724 586 790 B.
612 722 745 790 Stobaei.

125 954 195 1019 Non
227 954 383 1042 illepidam
417 952 570 1019 nobismet
601 953 678 1039 ipsis
704 952 891 1018 medicinam
915 951 1108 1040 excogitasse
1131 949 1216 1015 uidc-

87 1095 161 1150 mur,
183 1094 244 1157 qua
268 1071 333 1137 vita
350 1077 381 1136 et
396 1069 479 1136 salus
495 1069 642 1135 reddatur
663 1061 789 1161 ῥήσεις
809 1069 973 1157 Sophoclis
993 1069 1155 1155 Τανιμνίιίι
1171 1089 1216 1154 ap.

86 1186 189 1253 Athen.
213 1188 273 1266 IV,
293 1211 321 1274 p.
347 1191 409 1253 175
428 1187 477 1266 E,
500 1187 537 1252 dc
560 1209 620 1272 qua
641 1185 830 1252 emendanda
853 1187 913 1252 iam
938 1185 1140 1274 desperarunt
1157 1183 1216 1251 viri

87 1303 172 1370 docti.
195 1306 280 1370 Ecce
298 1303 393 1370 lectio
417 1303 535 1369 codicis
558 1303 605 1368 A:

181 1419 300 1503 οἴχωκε
317 1409 380 1507 γάρ
408 1410 549 1506 κροτητά
564 1415 726 1505 πηκτίδων
743 1413 826 1506 μίλη

181 1521 267 1619 λύρα
286 1521 459 1611 μοναύλοις
478 1551 718 1614 τεχειμωντεως
742 1553 817 1607 ναος
842 1527 987 1620 στέρημα
1006 1518 1219 1617 κωμασάσης,

87 1649 113 1709 et
122 1646 165 1711 sic
182 1644 312 1731 reliqui,
332 1645 392 1710 nisi
416 1643 499 1730 quod
516 1645 549 1709 in
574 1667 618 1709 ms
635 1643 719 1732 Epit.
730 1649 778 1710 eat
788 1637 946 1732 μόναυλοί
964 1669 1009 1713 τε.
1027 1643 1221 1711 Praeceduut

88 1767 178 1828 autem
203 1761 285 1850 apud
309 1761 504 1828 Athenaeum
529 1760 620 1826 verba
646 1759 737 1828 haec:
763 1763 823 1830 τοῦ
846 1759 883 1828 δὲ
909 1750 1074 1843 μοναύλου
1100 1780 1213 1848 μνημο-

89 1879 161 1943 νεύει
182 1877 356 1968 Σοφοκλῆς
379 1875 438 1962 μὲν
469 1875 500 1944 ἕν
527 1867 665 1968 Θαμύρᾳ
693 1876 727 1965 (l.
752 1865 916 1967 Θαμύριδι
940 1897 1009 1940 cum
1034 1870 1221 1962 Schweigh.)

88 2010 194 2065 ουτως.

124 2104 173 2170 No
195 2103 311 2192 longus
331 2103 404 2182 sim,
423 2103 527 2170 locum
543 2106 590 2171 sic
605 2107 728 2173 restitui
746 2129 834 2195 posse
850 2106 1001 2185 arbitror,
1018 2109 1053 2172 ut
1068 2103 1222 2194 legamus:

227 2205 372 2302 ’Ὠιχωκε
391 2211 454 2307 γάρ
473 2213 614 2309 κροτητά
630 2220 796 2309 πηκτίδων
805 2219 903 2310 μέλη,

235 2321 363 2419 Λύρα,
380 2322 569 2416 μόναυλοί
592 2323 640 2414 θ’,
682 2324 750 2410 oric
765 2326 877 2422 τύχη,
899 2324 1044 2418 χειμολκ
1062 2323 1170 2407 ὅπως

237 2439 329 2519 ναδς
348 2442 534 2532 τέρεμκα,
554 2434 750 2529 κωμάσασ’
767 2436 1025 2535 (άνὴρπασενμ

127 2557 196 2645 lpsa
232 2558 430 2643 Thamyridis
463 2559 541 2628 victi
565 2581 582 2623 a
606 2560 707 2626 Music
733 2559 823 2626 verba
845 2583 910 2625 esse
934 2561 1081 2626 videntur
1104 2558 1221 2623 lamen·

88 2675 176 2739 tantis
216 2674 254 2740 de
288 2697 394 2763 aspera
426 2697 480 2740 sua
511 2681 603 2741 sorte.
627 2676 675 2742 cf.
700 2677 794 2742 Hom.
816 2675 856 2742 Il.
878 2678 906 2743 B
928 2681 1010 2742 599:

228 2787 277 2858 At
294 2787 331 2855 dd
347 2780 567 2874 χολωσάμενοι
584 2783 691 2880 πηρόν
711 2789 826 2872 θέσαν,
845 2783 948 2879 αύτάρ
969 2781 1082 2879 άοιδήν

229 2901 406 2992 θεσπεσίην
421 2894 597 2992 ἀφείλοντο
613 2902 667 2968 καὶ
688 2897 866 2970 ἐκλέλαθον
883 2893 1082 2991 κιθαριστύν,

88 3011 279 3081 Exclamavit
299 3017 416 3104 igitur:

216 3133 386 3198 Perierunt
410 3133 491 3197 enim
513 3134 674 3199 modulata
692 3134 852 3218 μοσίίιίιικι
870 3134 1025 3210 carmine,

219 3250 305 3336 lyra,
327 3251 542 3336 momentique,
566 3273 640 3338 quoe
653 3252 808 3337 fortene,
836 3273 890 3316 ceo
913 3250 1009 3314 biems

216 3366 338 3452 accipit
357 3366 495 3444 ludelau,
508 3367 690 3452 scribenda
704 3368 835 3453 saepit!

128 3479 220 3553 Quod
245 3480 283 3545 ad
310 3479 435 3546 verbum
459 3474 623 3564 κωμάζειν
644 3481 777 3561 attinet,
807 3502 869 3546 non
893 3478 972 3546 male
999 3478 1227 3567 comparabitur

92 3592 247 3684 Euripidis
270 3597 358 3663 locus
380 3598 414 3662 iu
439 3598 555 3662 Pluere.
580 3601 662 3663 355:

387 3703 513 3780 ’Όλοιτο
530 3701 611 3776 τάδ’·
631 3710 698 3778 εἴτε
718 3708 863 3798 σίδαρος,

395 3814 455 3889 εἴτ’
478 3818 563 3910 ἔρις,
583 3823 652 3889 εἴτε
667 3818 775 3912 πατὴρ
799 3813 819 3891 d
842 3815 915 3903 σὸς,

395 3935 462 4001 εἴτε
482 3927 520 4003 τύ
540 3927 703 4021 δαιμόνιον
719 3925 929 4020 κατεκώμασε

396 4038 543 4132 δώμασιν
565 4047 737 4118 Οἰδίποδα.

133 4165 283 4231 Similiter
304 4160 429 4229 verbum
457 4151 673 4247 ἐπικωμάζων
695 4163 732 4227 de
747 4164 877 4228 aduersa
891 4163 1030 4248 fortune
1048 4162 1229 4246 petulanter

94 4280 219 4350 iamet
242 4275 359 4348 Graece
382 4275 521 4342 adhiberi
545 4281 657 4364 potest.
