2964 5160
773 453 834 514 loe

282 625 337 690 Vs.
360 628 441 691 224:
463 621 555 697 δίκας
574 620 613 688 δέ
631 615 768 698 Παλλάς
785 614 896 690 τῶνδ’
916 616 1112 692 ἐποπτεύσει
1132 614 1211 690 θεά.

237 739 351 806 Malim
370 737 478 819 τοῦδε,
501 759 610 824 nempe
632 738 765 803 Orestis.

281 855 337 920 Vs.
349 853 429 921 238:
442 841 513 916 ἄλλ’
533 841 659 932 άμβλόν
680 839 742 938 ἤδη
761 848 1060 940 προστετριμμένον
1078 873 1116 916 τε
1136 842 1224 940 πρός

443 956 588 1031 άλλοισιν
608 961 711 1037 οἴκοις
729 959 783 1027 καὶ
803 954 1052 1052 πορεάμασιν
1070 963 1237 1050 βροτῶν.

236 1081 393 1147 Ultimum
416 1075 601 1144 vocobulum
618 1073 769 1140 facillimo
791 1077 919 1164 negotio
942 1076 1110 1154 curabitur,
1131 1075 1274 1143 adhibito
1301 1075 1365 1142 loeo

238 1196 394 1262 consimili
419 1218 462 1260 vs.
486 1194 573 1259 451:

434 1296 537 1372 πάλαι
558 1296 645 1393 πρός
664 1292 776 1378 άλλοις
795 1296 885 1372 ταῦτ’
905 1295 1130 1394 ἀφιερώμεθα

434 1418 554 1484 οἴκοισι
573 1413 628 1480 καὶ
646 1417 805 1497 βοτοῖσι
825 1415 880 1482 καλ
902 1418 1015 1506 ῥυτοῖς
1034 1406 1170 1504 πόροις,

235 1533 320 1600 unde
341 1537 467 1619 apparet
489 1528 708 1616 corrigendum
731 1552 797 1596 esse
819 1528 936 1610 βοτῶν.
961 1529 1132 1597 Difficilius
1155 1536 1203 1597 est
1225 1535 1373 1607 statuere,

237 1648 321 1714 unde
342 1648 496 1735 originem
527 1644 653 1710 duxerit
677 1644 763 1710 istud
786 1633 1011 1744 πορεύμασιν,ι
1040 1647 1074 1712 in
1095 1669 1157 1733 quc
1184 1647 1374 1734 corrigendo

236 1765 303 1851 ipse
325 1762 403 1828 mihi
425 1785 487 1829 non
513 1764 682 1830 satisfacio.

284 1880 339 1944 Vs.
363 1883 448 1945 240:
477 1871 577 1962 ὃμοια
598 1875 717 1964 χέρσον
736 1873 791 1941 καλ
811 1865 985 1941 θάλασσαν
1005 1873 1171 1964 ἐκπερῶν,

477 1980 591 2068 σῶζων
610 1979 756 2076 ἐφετμάς
774 1985 901 2066 Λοξίου
922 1985 1134 2077 χρρςηρλους,

477 2093 634 2190 πρόσειμι
654 2098 750 2181 δῶμα
768 2096 824 2164 καλ
843 2096 965 2187 βρέτας
983 2092 1022 2166 τό
1043 2091 1102 2166 σόν
1123 2090 1200 2165 θεά.

479 2203 594 2280 Aniceti
612 2201 826 2300 φυλάσσων
845 2202 993 2294 άναμενῶ
1008 2209 1103 2287 τέλος
1123 2209 1223 2296 δίκης.

238 2331 507 2416 Interpretentur:
539 2328 600 2392 tie
615 2345 741 2392 νιονυιι
774 2326 889 2390 indicii
911 2326 1026 2391 scitum
1051 2325 1250 2410 exspectabo,
1283 2327 1376 2411 qussi

238 2434 420 2532 φυλάσσειν
450 2463 584 2529 unquam
607 2441 753 2506 macecdc'
772 2441 932 2506 notionem
964 2439 1116 2506 hebuerit.
1149 2439 1243 2506 Viem
1275 2442 1376 2507 inter·

239 2558 378 2645 pretibus
405 2558 592 2624 monstrabit
613 2579 658 2624 vs.
682 2561 747 2622 439
771 2577 832 2642 σφε

426 2674 523 2760 εἴπερ
545 2663 724 2746 πεποιθῶς
742 2669 876 2759 τῇδλκῃ
895 2668 1043 2757 βρέτας
1063 2661 1154 2736 τάδε

433 2775 512 2873 ἦσαν
532 2774 748 2872 φυλάσσων
766 2779 857 2858 έςλας
875 2773 962 2872 άμῆς
981 2779 1094 2856 πέλας.

235 2897 433 2985 lungendum
467 2898 567 2985 igitur
599 2890 721 2982 βρέτας
753 2918 823 2962 cum
847 2889 1044 2982 φυλάσσων,
1077 2915 1170 2981 qnare
1198 2894 1288 2961 loeus
1327 2899 1375 2962 sic

236 3014 360 3081 videtur
390 3011 678 3098 interpungendus:

390 3116 545 3212 πρόσειμι
567 3125 680 3207 δῶμα,
701 3121 754 3189 καὶ
774 3121 896 3213 βρέτας
914 3115 954 3189 τό
975 3116 1050 3206 σόν,
1071 3113 1154 3205 θεά,

392 3233 494 3304 αὐτοῦ
515 3226 696 3324 φυλάσσων
714 3232 777 3301 xci.

237 3349 352 3438 Apollo
375 3362 477 3414 antem
501 3373 545 3415 vs.
571 3352 611 3414 79
636 3370 681 3435 sq.
705 3348 846 3414 dixerat:

572 3455 681 3547 μολῶν
702 3459 739 3529 δέ
760 3454 937 3537 Παλλάδος
958 3461 1038 3527 ποτὶ
1060 3453 1174 3528 πτόλιν

443 3571 517 3653 ἵζου
539 3566 683 3641 παλαιόν
708 3564 852 3660 άγναδεν
872 3569 981 3655 λοβῶν
999 3572 1130 3662 βρέτας.

237 3690 296 3754 Est
306 3693 427 3768 temen,
445 3692 483 3753 ut
494 3709 599 3753 verum
612 3690 724 3767 feteat,
747 3689 780 3754 in
793 3711 828 3754 ee
845 3689 1095 3766 constructione,
1116 3709 1206 3773 quem
1220 3689 1374 3756 coniunc-

236 3805 354 3870 tionem
373 3801 593 3868 vocebnlorum
615 3799 733 3888 βρέτας
752 3809 783 3870 et
805 3790 984 3889 φυλάσσων
1003 3802 1159 3890 postulare
1179 3805 1271 3870 mode
1289 3806 1374 3871 dice·
1475 3841 1476 3854 ν

238 3918 323 3996 bem,
350 3917 469 4003 aliquid
490 3917 535 3983 ita
559 3923 751 3996 contortum,
776 3925 813 3984 ut
834 3909 955 3984 servate
968 3919 1223 4006 interpunctione
1247 3921 1376 4009 vulgate

239 4034 393 4099 coniicere
414 4032 538 4098 malim:
565 4023 673 4096 Τοῦτ’
693 4022 759 4098 οὖν
778 4024 958 4122 φυλάσσων
978 4029 1042 4097 nie.
1064 4039 1133 4112 eut,
1155 4035 1239 4120 qnod
1263 4036 1376 4123 probe-

237 4147 333 4214 bilius
355 4170 420 4214 esse
442 4155 535 4235 puto,
575 4168 695 4213 versum
719 4169 823 4213 revere
857 4148 934 4212 setis
968 4148 1105 4214 otiosum
1141 4139 1377 4238 αότοῦ-δλιης

240 4263 393 4350 Aeschylo
418 4264 603 4330 sbiudicere.

283 4380 338 4446 Vs.
351 4382 432 4444 246:
467 4374 781 4466 τετραυματισμένον
804 4369 866 4463 γάρ
889 4373 935 4454 ῶς
956 4370 1040 4444 νέων
1061 4370 1174 4466 νεβρόν
