2964 5160
611 455 675 518 133

119 627 171 692 Vs.
196 629 295 694 1282:
330 629 472 696 θανοῦσι
490 619 520 693 δ’
542 619 679 703 αῦσοῖς
700 629 910 693 συνθανοῦσα
931 625 1091 710 κείσομαι.
1128 629 1205 693 Pro-

77 743 196 806 nomine
219 733 357 816 adroic
379 741 408 806 h.
431 741 451 806 l.
474 740 555 806 nihil
578 763 657 829 opus
680 747 748 820 est,
783 763 878 827 quare
898 741 1111 829 praetulerim:
1140 747 1206 806 θα-

77 855 162 920 νοῦσι
184 849 215 922 δ’
239 849 336 943 αῦτη
358 856 567 922 συνθανοῦσα
581 854 741 938 κείσομαι.

119 969 173 1034 Vs.
198 972 305 1034 1581:
338 967 468 1034 πολλνῦν
498 967 601 1032 κακῶν
637 967 792 1055 κατῆρξεν
824 966 965 1035 Οἰδίπου
994 958 1110 1050 δόμοις
1137 957 1209 1034 τόδ’

77 1071 175 1169 ἦμαρ·
199 1073 296 1171 εἴηδ’
317 1074 529 1169 εῦινχέςερος
543 1078 628 1162 βίος.
646 1081 878 1148 Diversissimis
891 1082 990 1146 modis
1003 1083 1085 1169 prior
1097 1083 1205 1149 horum

78 1218 215 1261 versuum
250 1196 400 1262 scribitur
432 1196 466 1260 in
502 1196 606 1272 codd,
645 1195 697 1261 sed
739 1196 821 1262 nihil
854 1199 969 1265 attinet
1002 1200 1206 1288 investigare,

78 1332 220 1395 quaenam
255 1313 335 1378 ratio
371 1313 481 1377 oet-eris
503 1317 655 1399 praestet,
688 1313 840 1397 siquidem
873 1321 1004 1400 uterque
1034 1338 1140 1381 versus
1174 1316 1207 1380 in

76 1425 541 1514 interpolatorisnesciocuius
565 1428 689 1494 cerebro
711 1435 804 1494 natus
827 1452 892 1495 ease
919 1430 1052 1496 videtur.
1087 1431 1133 1496 Ut
1162 1431 1208 1496 ita

77 1548 215 1621 statuam,
239 1544 358 1632 triplici
381 1567 474 1610 causa
487 1564 630 1623 moveor;
654 1566 723 1609 nam
745 1546 846 1631 primo
865 1545 935 1611 loco
958 1568 1029 1611 vera
1049 1569 1112 1611 non
1125 1552 1208 1624 sunt,

77 1680 148 1743 quae
170 1659 285 1725 chorus
307 1661 423 1726 dixisse
445 1661 603 1726 creditur:
627 1658 757 1724 πολλῶν
777 1652 1074 1749 ῦπῆρξεν-νδδ
1093 1651 1208 1749 ἦμαρ.

77 1774 216 1842 secundo
232 1775 270 1840 ad
289 1773 364 1856 βίος
384 1775 524 1842 addenda
547 1777 681 1842 luissent
703 1773 853 1839 vocabula
876 1769 894 1840 δ
919 1763 1044 1849 λοιπός.
1070 1774 1208 1840 Tandem

78 1889 216 1956 Creontis
240 1891 350 1956 verba:
373 1891 489 1956 οίνπιον
503 1887 562 1971 μὲν
580 1887 645 1955 xci.
668 1889 778 1954 melius
802 1891 907 1956 statim
940 1895 1115 1975 sequuntur
1138 1896 1210 1978 post

77 2005 183 2092 Oedipi
207 2011 241 2072 et
263 2007 442 2093 Antigonae
464 2004 712 2070 lamentationes.

563 2265 716 2282 udum—

116 2463 264 2530 Mnonan
290 2487 333 2529 vs.
358 2468 439 2530 107:
594 2501 634 2516 -
654 2463 688 2531 νί
709 2455 785 2529 ποκ’
807 2454 980 2552 ἐργάσεται

321 2567 662 2664 μεγαλδσπλαγχνος
683 2565 959 2656 δοσκανίιπασςος

323 2683 420 2780 ψυχή
442 2692 600 2778 δηχθεῖσα
617 2692 782 2772 κακοῖσιν,·

78 2801 200 2871 Medeae
233 2806 361 2892 ingenio
394 2806 525 2871 fortasse
555 2803 665 2869 melius
692 2803 840 2869 convenit
861 2793 1209 2888 μελανδσπλαγχνος.

78 2915 120 2980 Of.
142 2921 258 2988 Aesch.
280 2919 417 3008 Ohoeph.
439 2922 517 2986 407.

118 3036 170 3102 Vs.
186 3040 269 3104 169:
426 3024 539 3100 κλύεθ’
560 3026 614 3100 οἶα
636 3031 723 3120 λέγει
742 3024 939 3117 κοίπιβοᾶσαι

233 3191 235 3198 ·
302 3146 402 3232 Θέμιν
422 3139 570 3212 εὐκταίαν
592 3136 693 3234 Ζῆνά
713 3138 751 3209 θ’
771 3137 809 3220 ῦς
830 3137 936 3234 ὅρκων
1005 3129 1006 3134 ¹

299 3263 436 3349 θνηταῖς
454 3253 574 3339 ταμίας
596 3247 772 3341 νενδμιςαι,

78 3371 158 3441 Haeo
180 3378 273 3443 verba
301 3381 404 3463 aperte
427 3376 570 3459 pugnant
598 3393 668 3437 cum
690 3393 719 3437 v.
745 3374 824 3436 161:
854 3357 882 3433 ὦ
902 3358 1029 3453 μεμολλα
1053 3364 1136 3448 Θέμι
1155 3362 1210 3429 καὶ

77 3478 176 3582 πδινί
188 3484 327 3580 ’Ἀρνεμι
346 3487 409 3554 καί.
441 3488 612 3573 Suspicor:
631 3485 732 3568 Θέμιν
749 3475 900 3549 εὐκταίαν
920 3468 1059 3567 Ζηνός,
1077 3469 1116 3551 ὃς
1145 3474 1209 3541 ni.

78 3601 224 3670 Similiter
236 3627 278 3670 vs.
302 3607 367 3670 210
388 3603 516 3691 legitur:
535 3594 594 3665 νῦν
615 3589 717 3687 Ζηνδ
722 3618 740 3671 ς
761 3587 875 3684 δηκίαν
896 3589 996 3676 Θέμιν
1015 3597 1047 3658 et
1070 3614 1113 3659 vs.
1130 3593 1208 3656 765:

78 3702 102 3776 ὦ
123 3721 187 3783 Ζεῦ
208 3717 289 3807 Δίκη
308 3738 346 3781 σε
367 3708 491 3805 Ζηνδς
511 3705 622 3781 Ἡλίου
643 3733 680 3776 σε
700 3707 786 3798 φῶς.

118 3830 173 3898 Vs.
196 3835 279 3900 239:
300 3827 334 3904 ἐς
354 3821 448 3894 καινοὶ
469 3820 498 3893 δ’
518 3817 587 3916 ἤθη
607 3821 662 3888 καί
682 3813 803 3903 νόμους
823 3811 1003 3908 ἀφιγμένην

300 3945 353 4008 δεῖ
370 3964 483 4027 μαιπιν
502 3930 597 4017 εἶναι,
620 3928 665 4024 μη
684 3933 858 4017 μαθοῦσαν
879 3931 1022 4009 οἴκοθεν,

299 4049 374 4139 ὅτῳ
396 4043 518 4136 μα’λιςα
540 4040 697 4138 χρήσεται
717 4041 895 4130 ξυνευνέτῃ.

81 4166 111 4229 Si
128 4177 210 4238 recta
230 4169 376 4256 intelligo
400 4167 529 4233 Medeae
549 4170 699 4240 mentem,
721 4160 781 4225 hoc
801 4157 898 4234 dicit,
934 4152 1057 4219 mulieri
1082 4173 1207 4239 peregre

81 4285 245 4365 profectae,
267 4309 329 4352 rem
354 4283 568 4350 difficillimam
599 4302 666 4346 ease
690 4276 838 4364 cognito,
857 4294 918 4357 qua
936 4270 1134 4358 potissimum
1160 4290 1209 4332 ra-

82 4396 160 4466 tione
183 4404 285 4469 mariti
308 4402 443 4466 animum
464 4399 526 4464 sibi
548 4395 710 4470 conciliet,
734 4392 849 4478 quippe
869 4410 947 4472 quae
966 4385 1054 4452 rudis
1077 4385 1120 4451 sit
1144 4406 1209 4449 nro·
