2964 5160
818 443 880 508 110

330 599 387 667 Vs.
410 606 474 668 455
505 603 621 672 dicenti
644 608 764 676 Chore:
796 611 927 678 πολλῶν
956 602 1096 680 ἄκουσον
1122 611 1253 706 τέρματ’
1282 618 1400 688 αἰδοίων

285 705 388 799 λόγων
399 719 561 804 respondet
572 743 641 788 rex:
661 714 824 805 dcccco,
847 721 910 790 καὶ
932 722 1039 810 λέγοις
1059 716 1115 808 dv,
1135 720 1176 794 cii
1190 753 1234 814 με
1251 723 1401 819 φεύξεται,

284 827 442 898 Fortasse:
470 824 708 919 ἀκούσομαι·
730 827 908 922 λέγοιςᾶν,
928 833 992 902 auri.

329 943 382 1010 Vs.
406 947 489 1013 460:
521 944 632 1029 λέξον,
653 941 712 1015 τίν’
735 940 835 1036 αὐδήν
862 938 957 1038 τήνδε
984 947 1192 1039 γηροθσῖσ’
1213 946 1306 1022 ἔστι.
1337 957 1401 1022 Sus·

282 1066 390 1144 pectus
419 1061 504 1128 verbi
526 1051 709 1150 γρρύεσθατ
727 1062 802 1126 Aer.
835 1062 938 1139 Pasa,
975 1086 1070 1150 quum
1104 1064 1178 1130 alibi
1212 1067 1311 1132 forma
1338 1073 1402 1136 Aor.
1455 1043 1456 1048 ἵ

282 1174 366 1239 Med.
389 1197 549 1243 occurrere
572 1173 687 1255 soleat3
708 1197 807 1261 neque
827 1175 921 1244 huius
937 1177 1001 1244 loci
1024 1187 1074 1246 est
1093 1180 1205 1247 Futuri
1221 1184 1323 1249 exacti
1334 1185 1401 1270 peri-

282 1288 417 1374 phrasis3
451 1313 544 1377 quare
569 1291 708 1358 conieci:
731 1283 791 1360 τίν’
820 1284 919 1380 αὐδήν
945 1283 1039 1382 τήνδε
1069 1285 1232 1383 γηρύσει
1261 1291 1309 1362 σύ
1337 1320 1401 1379 μον

282 1403 330 1470 vel
354 1395 493 1493 γρρύει
514 1400 561 1470 σύ
581 1428 657 1487 μοι.

327 1518 383 1584 Vs.
406 1522 484 1584 498:
512 1510 656 1608 φύλαξαι
674 1511 720 1608 μή
741 1509 871 1605 θράσος
889 1515 965 1606 τέκῃ
987 1508 1106 1607 φόβον.
1130 1520 1320 1586 Faciendum
1339 1526 1403 1606 puto

281 1657 352 1700 cum
364 1635 423 1711 iis,
442 1632 495 1720 qui
516 1623 619 1722 φόνον
639 1642 805 1720 reponant,
827 1632 981 1720 quidquid
1001 1633 1183 1722 obloquitur
1206 1637 1404 1702 Hermannus

280 1749 485 1816 Scholiastcs:
495 1742 540 1838 μή
553 1738 727 1836 θαρρήσας
747 1738 847 1830 μόνος
855 1739 1015 1813 ἀπελθεῖν
1032 1751 1210 1837 φοβηθοῑ
1229 1741 1299 1818 ciceri
1318 1771 1403 1830 amor,-

280 1887 357 1951 quac
383 1863 543 1930 adnotatio
564 1861 678 1928 adduci
698 1869 802 1948 posset
821 1860 967 1928 adversus
990 1862 1075 1927 illem
1101 1864 1328 1940 coniecturam,
1352 1864 1402 1928 nisi

280 1980 396 2046 additis
427 1978 588 2046 uocabulis
627 1965 693 2041 ὑπό
723 2000 811 2052 τινος
842 1977 912 2043 luce
946 1977 1061 2044 clarius
1099 1984 1266 2045 testaretur
1302 1978 1403 2044 scholii

279 2103 397 2175 auctor,
419 2092 625 2182 rescripsisse
642 2084 917 2178 μὴ-φονεοθῶ
935 2082 1000 2157 int
1021 2116 1116 2170 τινος.
1141 2094 1222 2159 Nam
1234 2096 1286 2160 siu
1302 2096 1402 2168 miuus,

280 2211 363 2279 haud
387 2209 478 2275 dubie
496 2207 552 2272 illa
574 2206 739 2272 omisisset.
762 2204 899 2291 Vulgata
918 2212 1020 2271 autem
1040 2207 1175 2274 lectione
1193 2208 1295 2275 multo
1315 2210 1403 2297 aptior

279 2330 359 2394 foret
381 2325 474 2390 haec:
493 2318 539 2414 μή
558 2312 689 2410 θράσος
709 2318 784 2408 τέκῃ
806 2310 937 2410 φόβος
958 2322 978 2387 i.
1002 2344 1026 2386 a
1047 2346 1086 2388 ne
1111 2332 1210 2390 metae
1228 2327 1338 2410 pariat
1356 2348 1403 2389 ον-

278 2443 408 2508 darien.
432 2438 590 2504 Videlicet
602 2458 664 2500 uon
678 2456 747 2499 raro
760 2434 899 2499 videmus
921 2439 1137 2523 superstitioso
1158 2439 1292 2525 quodam
1306 2441 1404 2505 timore

278 2562 455 2645 correptum
478 2554 591 2642 volgus
613 2552 648 2616 iu
671 2549 831 2616 audaciam
852 2557 883 2617 et
902 2553 1018 2618 scelera
1029 2575 1184 2640 proruere.
1211 2555 1402 2622 Praetulerim

278 2673 504 2750 nihilominus,
527 2676 564 2735 ut
586 2669 648 2733 icm
672 2665 755 2744 dixi,
779 2655 889 2753 privor.

323 2791 378 2854 Vs.
395 2792 480 2854 621:
502 2779 624 2850 τοιαῦτ’
646 2770 771 2846 ἀκούων
790 2776 901 2866 χερσὶν
918 2767 1065 2863 Ἀργεῖος
1086 2771 1169 2854 λεώς

509 2886 612 2985 ἔκραν’
634 2883 724 2958 ἄνευ
749 2890 940 2979 κλητῆρος
961 2879 1007 2964 ὥς
1028 2880 1108 2955 εἶναι
1128 2882 1218 2956 τάδε.

324 3016 430 3083 Facile
466 3011 592 3100 quidvis
630 3009 804 3090 concoquet
825 3005 871 3079 is,
907 3003 958 3068 cui
991 3003 1175 3090 interpretes
1207 3006 1402 3091 persuadeant

279 3122 521 3219 ἅντοκλρνῆρος
532 3122 710 3213 significare
721 3143 782 3185 coa
793 3126 970 3203 exspectata
977 3121 1141 3203 praecocia
1152 3142 1231 3185 accc.
1248 3123 1401 3206 Nusquam

276 3233 395 3332 κλητήρ
416 3243 497 3309 idem
521 3240 680 3329 significat
703 3235 787 3322 quod
809 3223 918 3322 ιοῇροξ.
952 3234 1003 3298 Ne
1025 3233 1142 3300 multa:
1162 3235 1293 3324 vulgata
1318 3235 1401 3301 lectio

278 3365 325 3422 eet
342 3347 618 3445 παραδιδρθοσις
639 3352 810 3438 scripturae
828 3348 903 3414 libri
917 3348 1074 3413 Medicei:
1098 3343 1261 3415 ἔκλανακ
1282 3338 1400 3435 εὐκλή-

277 3490 396 3559 τορος
416 3460 463 3543 ὠς
482 3459 564 3544 εἶναι
582 3457 672 3550 τόδε,
696 3468 730 3531 iu
750 3487 812 3551 qua
831 3463 907 3528 haec
926 3485 989 3528 non
1000 3462 1106 3550 paullo
1117 3463 1225 3530 melior
1238 3463 1399 3530 delitescit:

860 3572 1004 3663 Ἀργεῖος
1026 3568 1108 3651 λεώς

527 3684 655 3778 ἔκρανεν
675 3680 952 3778 εὐκήλητος·ώς
974 3677 1054 3753 εἶναι
1074 3678 1163 3754 τάδε.

276 3810 298 3874 i.
321 3831 345 3873 e.
368 3807 478 3872 Donat
500 3806 639 3869 oratione
652 3805 762 3886 facilc
784 3810 950 3886 permotae.

322 3924 386 3996 Qui
398 3928 498 3989 autem
526 3924 697 4004 sequuntur
721 3919 782 3983 duo
802 3941 862 3982 vsa.
885 3917 949 3982 623
975 3939 1036 4002 sq.:
1060 3905 1399 4004 Δρμηγόρονς-τὲλος

277 4039 434 4127 relegandi
457 4035 602 4103 videntur
622 4035 656 4098 in
676 4035 862 4122 marginem,
885 4033 939 4098 ubi
959 4032 1035 4098 olim
1056 4053 1073 4096 e
1091 4029 1252 4118 deperdito
1274 4029 1398 4094 dramate

278 4154 450 4239 Aeschyleo
467 4153 618 4238 adscripti
640 4173 707 4216 esse
728 4150 873 4216 sidentur
892 4149 930 4213 ad
948 4171 991 4213 vs.
1015 4150 1081 4212 621
1105 4169 1151 4232 aq.
1172 4151 1298 4232 propter
1316 4162 1396 4230 argu-

277 4270 374 4336 menti
396 4266 641 4334 similitudinem.

321 4386 377 4454 Vs.
402 4385 466 4450 716
488 4406 568 4470 sqq.:
592 4381 645 4450 nol
665 4383 785 4470 πρῷρα
806 4373 957 4466 πρόσθεν
978 4368 1103 4461 ὄμμασι
1122 4369 1277 4458 βλέποοσ’
1291 4360 1361 4436 ὁδόν
