2990 5156
830 457 871 520 70

327 637 380 701 Ite
403 657 446 699 vs.
471 640 491 700 2
514 633 649 700 correxit
671 631 847 698 Elmsleius.
889 631 992 696 Codex
1025 628 1107 696 Flor.
1137 627 1277 696 exhibet:
1300 617 1411 716 Βρόχον

282 741 338 814 τὸν
368 738 505 835 ἀγχόνης
536 735 723 820 ἐπισπάσας
738 741 865 832 'stium
896 745 971 811 edit.
1002 744 1099 810 Vsu:
1131 738 1254 833 βρονόν
1283 731 1412 829 ἀγχόνης

280 850 469 936 ἐπισπάσας
487 855 555 950 ἔριν.
573 859 655 925 Mihi
675 882 796 938 versus,
810 881 898 945 quem
912 860 1051 927 restituit
1064 858 1264 925 doctissimus
1279 855 1413 944 Anglus,

283 974 356 1060 quic
378 975 532 1041 inciditur
559 982 629 1062 post
656 975 841 1042 vocabulum
864 975 1107 1063 polysyllcbnm,
1133 963 1334 1059 cccccccccc
1354 992 1414 1036 esse

282 1090 415 1156 videtur.
448 1091 495 1156 Eo
522 1097 624 1158 tamen
655 1093 818 1158 manifesto
848 1092 937 1158 ducit
967 1091 1116 1158 librorum
1147 1091 1317 1176 scripture,
1342 1107 1415 1173 quae

282 1227 391 1292 porum
411 1208 493 1272 favet
515 1207 687 1293 suspicioni
711 1229 808 1272 meae:
923 1237 926 1244 ⁴

480 1309 602 1407 βρόχον
619 1312 677 1386 τόν
693 1312 894 1405 ἀγχίνοιαν
910 1310 1062 1408 ε’ξοίψας
1079 1317 1169 1406 δέρῃ.

327 1433 440 1497 Restat
469 1434 586 1520 igitur,
617 1438 652 1498 ut
681 1433 902 1520 Neophronem
932 1436 965 1498 in
995 1434 1133 1500 numeris
1160 1429 1414 1518 negligentiorem

287 1546 381 1611 fuisse
403 1545 598 1613 arbitremur.

307 1895 440 1988 mtheu.
461 1893 512 1961 XI
535 1919 563 1982 p.
587 1901 652 1960 468
674 1918 700 1960 c.
719 1888 931 1962 Δακνολωνόν
951 1889 1093 1978 ἔμπωμα
1110 1885 1214 1967 οὕτως
1226 1883 1416 1975 καλούμενον

285 2004 364 2097 παρ’
376 2000 472 2074 ’λωνι
492 2008 524 2074 ἐν
544 2002 815 2095 Ἀγαμέμνονι·

438 2121 525 2186 οἴσει
544 2119 581 2186 δὲ
602 2121 708 2208 δῶρον
728 2109 819 2198 ι’ίξιον
839 2107 1051 2206 δραμήματος

329 2415 332 2424 ,
439 2340 564 2407 Πελίου
583 2333 654 2428 μέγ’
673 2330 817 2422 ἆθλον,
840 2330 991 2430 Κιίςορος
1010 2337 1039 2407 δ’
1058 2335 1176 2428 ἔργον
1193 2341 1318 2406 ποδῶν.

329 2456 410 2522 Sana
432 2457 512 2521 ratio
535 2457 697 2542 imperiose
719 2454 873 2542 postulat,
896 2460 932 2521 ut
954 2477 997 2521 vs.
1022 2459 1041 2520 3
1065 2455 1284 2521 rescribamus:

430 2568 555 2636 Πελίου
574 2568 642 2653 μὲν
662 2564 794 2657 ἔργον,
816 2558 968 2656 Κοίςορος
990 2561 1021 2634 δ’
1039 2557 1164 2635 ἆθλον
1187 2569 1313 2635 ποδοῖν.

281 2681 303 2745 i.
326 2703 354 2747 e.
376 2683 491 2747 Peliae
524 2682 632 2770 (fabri)
659 2705 751 2766 opor,
778 2683 917 2746 Castoris
934 2684 1116 2765 praemium.
1139 2684 1258 2772 Ecquis
1281 2693 1345 2767 est,
1366 2688 1415 2772 qui

284 2818 347 2861 non
371 2798 544 2863 meminerit
567 2820 709 2863 versuum
738 2797 990 2861 Homericorum:

440 2225 576 2314 ἔκπωμα
596 2220 862 2310 retecturus,
884 2219 1043 2317 ἄχραντον
1061 2227 1159 2316 πυρί,

750 2901 811 2992 οὐχ
830 2899 953 2996 ἱερήϊον
977 2906 1052 2976 οὐδὲ
1071 2909 1183 3000 βοείην

386 3014 561 3111 ἀρνύσθην,
583 3016 642 3086 ἅτε
662 3022 805 3089 ποσσὶν
826 3021 970 3090 ἀέθλια
991 3021 1130 3109 γίγνεται
1150 3018 1293 3114 ἀνδρῶν,

283 3140 350 3201 aut:
983 3187 986 3195 ,

791 3241 918 3316 δοίδυκα
939 3246 967 3316 δ’
986 3247 1112 3325 ἵππους

385 3352 510 3448 πηνοιλς
532 3353 765 3450 ἀθλοφόρους,
788 3355 823 3429 o‘i
844 3355 989 3429 ἀέθλια
1010 3361 1154 3429 ποσσίν
1175 3354 1307 3447 ἄροντο.

282 3478 342 3542 Pro
364 3464 437 3558 μέγ’
462 3477 577 3560 requiri
600 3470 659 3556 μὲν
681 3476 762 3546 vidit
784 3477 845 3540 iam
877 3476 1045 3542 Osannius.
1077 3476 1132 3540 Vs.
1163 3482 1183 3540 2
1216 3467 1416 3542 δανισύλοννον
1473 3469 1474 3552 ί

281 3599 344 3658 tam
383 3594 519 3656 veterum
556 3590 839 3657 Alexandrinorum
867 3614 956 3677 quam
984 3592 1188 3656 recentiorum
1212 3593 1414 3679 interpretum

283 3728 360 3772 crux
393 3707 463 3772 suit.
502 3705 681 3771 Meinekins
714 3700 928 3784 δαιδάλωνον,
959 3705 1124 3771 Nauokius
1154 3699 1350 3794 δεικηλωτόν
1379 3706 1414 3771 ci.

282 3823 354 3910 Ipse
377 3822 511 3909 cogitavi
537 3821 576 3884 de
597 3808 795 3885 διαλιθωσόν
814 3820 835 3883 i.
859 3842 883 3884 e.
904 3823 1030 3904 ρειαννιίν
1052 3829 1209 3900 matum,
1241 3820 1279 3885 de
1300 3811 1414 3888 παννί-

186 3959 194 3971 ”
281 3936 398 4016 λιστον,
423 3935 461 4000 de
483 3935 570 4012 aliis,
589 3934 641 4000 sed
658 3931 755 4010 nihil,
774 3933 858 4020 quod
883 3940 999 4000 certum
1030 3937 1087 4014 sit,
1112 3937 1246 4023 reperire
1277 3937 1374 4022 potui.

774 4141 929 4156 --—

329 4280 403 4346 Ath.
423 4283 495 4359 ΙΙΙ,
530 4304 559 4369 p.
599 4282 639 4345 91
677 4280 723 4344 D:
757 4273 807 4343 ὅτι
836 4272 866 4343 δ’
897 4277 931 4344 οἱ
960 4277 1074 4361 ἐχῖνοι,
1107 4277 1189 4362 λογον
1212 4278 1249 4344 δὲ
1268 4279 1325 4344 καὶ
1342 4270 1413 4350 σούς

281 4392 455 4479 χερσαίους
476 4388 627 4467 κείνους
649 4389 847 4463 θαλασσίους
873 4386 994 4456 {cccciv
1021 4385 1085 4454 εἰσι
1107 4387 1301 4475 potuum}
1333 4381 1412 4476 πρὸς
