2964 5160
772 472 835 536 146

240 641 297 714 οῦκ
317 639 362 714 tv
383 637 528 711 τοσαῦτά
549 635 577 732 γ’
601 643 689 731 (τλδς
710 647 805 732 scil),
822 645 852 712 εἰ
870 641 1047 734 ἀμέτρως
1066 643 1261 734 μοχθητέον.
1285 646 1372 717 Quae

240 763 330 828 verba
354 763 522 846 interprete
549 785 611 826 non
636 762 834 848 indigebunt.

284 877 339 942 Vs.
361 878 447 943 1303
467 899 528 960 sq.:
546 874 709 964 χορευέτω
730 871 771 966 δὴ
791 869 930 964 Ζῃκὸςῆ
950 867 1054 964 κλειυὴ
1074 865 1184 962 δῦμαρ

548 979 701 1075 κροῦουο’
720 979 896 1070 Ὀλυμπίου
916 981 1021 1077 Ζῃκός
1038 979 1166 1076 οίρβῦλῃ
1186 982 1285 1053 πόδα.

237 1103 378 1170 Diversis
402 1103 502 1167 modis
526 1124 644 1167 versum
669 1103 934 1188 corruptissimum
959 1125 1066 1168 sancre
1089 1102 1191 1167 conati
1215 1100 1370 1166 enutriri

237 1219 332 1284 docti.
349 1220 417 1306 Ego
438 1219 519 1284 facio
544 1240 614 1282 cum
640 1217 687 1294 iis,
711 1217 764 1300 qui
789 1217 835 1281 sic
858 1218 973 1284 edunt:
997 1207 1150 1305 κροῦουσ’
1174 1207 1334 1296 Ὀλῦμπου
1353 1218 1372 1255 ⁴¹

235 1323 362 1420 ἀρβύλῃ
382 1325 497 1408 ποδός.
518 1332 730 1420 Suppleverim
755 1336 876 1398 autem:
898 1323 1051 1421 κροῦουσ’
1069 1319 1228 1409 Ὀλύμπου
1253 1320 1372 1392 δάπε-

235 1446 304 1509 δον
324 1437 451 1534 ἁρβῦλῃ
472 1438 585 1522 ποδός.
611 1448 787 1512 Dobraeus:
813 1438 972 1528 Ὀλύμπου
989 1435 1129 1525 δώματ’
1149 1439 1212 1506 aci.

277 1698 455 1764 llnccrearr
479 1722 522 1765 vs.
549 1705 612 1769 122
636 1727 718 1791 sqq.:

534 1803 564 1878 ni
583 1809 708 1906 ποίτερ,
736 1814 776 1885 οῦ
798 1810 828 1887 δ’
848 1809 991 1901 ἐν”Αιδρ
1012 1806 1052 1901 δή

533 1932 651 2011 κεῖσαι,
674 1933 733 2006 οῦς
755 1923 877 2015 οἷλόχου
898 1923 1067 2016 σφαγείς

534 2037 701 2125 Αἰγίσθου
717 2040 753 2123 τ’,
773 2035 976 2129 Ἀγάμεμνον.

235 2147 308 2213 Una
328 2147 419 2213 litera
447 2157 582 2230 mutata,
602 2158 795 2242 scripserim:
825 2159 931 2220 κεῖσαι
960 2150 1022 2224 σᾶς
1045 2136 1164 2229 ἀλόχου
1195 2141 1373 2229 σ’φαίαῗς

235 2258 402 2346 Αἰγίσθου
422 2254 452 2326 τ’
473 2263 535 2330 aet.

276 2373 333 2440 Vs.
354 2378 437 2441 307:
462 2368 542 2467 αῦτή
558 2378 617 2462 μὲν
636 2381 848 2466 ἐκμοχθοῦσα
867 2377 1009 2467 κερκίσιν
1025 2370 1190 2447 πέπλους,

459 2480 492 2577 [ἢ
511 2486 628 2575 γυμιὸν
647 2494 710 2573 ἕξοι
730 2495 826 2575 στῦμα
843 2490 896 2557 καὶ
915 2480 1107 2577 ςερὴσομαι]

457 2593 538 2687 αιῗτή
558 2601 595 2668 δὲ
617 2601 724 2693 πῃγοὶς
744 2603 929 2692 ποταμίους
948 2593 1156 2690 φορουμένη·

455 2705 610 2801 ἀνέορτος
629 2715 727 2806 ίεριον
747 2719 802 2785 καί
820 2717 928 2806 χορῶν
947 2708 1120 2802 τητωμένη.

234 2825 423 2911 Quicunque
444 2827 568 2914 pulchri
586 2853 677 2895 sensu
704 2855 767 2897 non
790 2833 880 2919 plane
905 2831 1074 2895 destitutus
1098 2829 1161 2901 est,
1182 2819 1370 2886 assentietur
1480 2805 1481 2850 ί

232 2939 307 3006 mihi
331 2963 451 3006 versum
474 2941 660 3029 languidum
683 2952 715 3012 et
731 2949 869 3034 ineptum
891 2943 1092 3032 expungenti.
1115 2940 1244 3006 Frustra
1267 2937 1368 3023 igitur

231 3067 327 3133 eunt,
349 3057 401 3142 qui
423 3059 586 3146 corrigunt
608 3054 845 3150 κοίςερήοομαι,
867 3086 928 3149 quo
950 3064 1034 3126 facto
1057 3084 1099 3126 vs.
1121 3081 1183 3124 non
1208 3054 1307 3121 multo
1327 3051 1368 3116 fit

231 3172 429 3238 tolerabilior.
777 3173 779 3180 ’

278 3288 332 3352 Vs.
359 3289 424 3352 704
448 3309 526 3373 sqq.:
681 3323 720 3335 -
745 3284 876 3369 πνέοντ’,
894 3283 998 3378 οἷγριῦν
1020 3287 1158 3376 ταμίαν,

429 3401 569 3489 χρυσέαν
588 3393 670 3490 ῦρνα
688 3395 1014 3486 καλλιπλόκαμον
1031 3403 1203 3491 πορεῦσαι.

232 3515 398 3580 Nauckius
415 3518 568 3602 corrigere
592 3519 777 3604 occupavit:
800 3515 1041 3582 καλλίποκον
1063 3513 1235 3602 πορεῦσαι.
1258 3513 1295 3575 In
1310 3533 1369 3574 an-

232 3630 384 3717 tistrophe
406 3631 596 3717 respondent
620 3631 709 3697 haec:
1186 3615 1188 3620 ⁵

572 3744 730 3826 μολπαί
751 3736 781 3810 δ’
802 3735 927 3833 ηὔξοντ’
948 3741 1085 3827 ἐραταί

449 3853 591 3943 χρυσέας
606 3847 719 3944 ῦρυός,
738 3848 765 3920 oi
771 3880 788 3932 ς
808 3855 989 3940 ἐπίλογοι
1015 3854 1150 3936 Θυέςου.

232 3969 416 4034 Nanckius:
440 3961 526 4033 εἶτα
549 3960 660 4035 δόλοι
685 3967 830 4053 Θυέςου;
850 3994 929 4056 quae
949 3973 1127 4037 coniectura
1152 3979 1297 4054 corrupta
1319 3989 1370 4032 re-

231 4085 346 4168 linquit
366 4083 578 4170 praecedentia
604 4084 691 4167 (nam
710 4083 837 4168 μολπαί
858 4077 1145 4174 αὔξονται-ἀρνός
1165 4085 1244 4149 nihil
1267 4085 1370 4171 signi·

232 4200 319 4283 licat)
340 4222 395 4264 nec
416 4199 557 4274 vulneri,
583 4199 666 4282 quod
696 4183 801 4274 curat,
825 4199 972 4263 medetur.
1001 4201 1163 4265 Fortasse:

479 4309 651 4396 μόλπαις
672 4304 701 4377 δ’
719 4304 870 4391 αὔξονται
894 4305 1039 4402 οίρεταὶ

480 4423 621 4514 χρυσέας
638 4415 736 4510 οίρνῦς
757 4415 1028 4491 τοῦπικλόπου
1053 4423 1189 4504 Θυίςου.
