2990 5156
557 511 791 558 PRAEFATIO.
1188 511 1237 557 vri

112 667 210 758 expleo
233 665 402 748 lacunam‚'
416 673 452 738 ut
475 668 646 738 scribatur:
681 667 904 758 ἐπτέρωταί
925 657 954 734 τ’
973 664 1028 735 ἐπὶ
1050 659 1089 735 cri
1110 667 1240 734 δεῖπνον

111 787 168 854 arb.
200 789 357 854 Nimirum
393 796 454 855 tres
482 789 596 871 primae
634 787 768 872 syllabae
800 785 942 853 vocabuli
977 809 994 851 a
1028 808 1074 850 me
1101 785 1236 850 restitut'

111 910 317 987 procurrentes
339 907 370 969 in
395 926 478 969 oram
498 904 570 969 libri
592 904 748 969 sinistram
773 902 943 968 fefellerant
966 902 1098 968 Bellieni
1124 902 1240 966 oculos.

110 1020 261 1104 Scriptum
297 1028 397 1087 autem
433 1026 480 1086 est
516 1021 616 1086 literis
650 1043 744 1108 prope
778 1020 920 1088 evanidis
955 1021 987 1086 in
1027 1018 1109 1084 hunc
1148 1019 1241 1084 ferme

110 1137 239 1202 modum:
271 1135 434 1228 ἐπτέρταί.
458 1136 563 1224 Vulgo
666 1138 722 1205 ταί
751 1129 780 1202 τ’
809 1135 865 1203 ἐπί
887 1136 949 1203 art.
972 1137 1159 1200 Coniectura
1188 1158 1241 1200 ex·

109 1251 178 1337 pleri
202 1253 313 1318 lacuna
339 1259 460 1340 potest,
487 1276 577 1339 quam
594 1254 744 1320 neminem
763 1253 939 1318 observasse
964 1253 1057 1317 miror
1077 1276 1112 1316 vs
1146 1257 1242 1318 1142.

109 1371 223 1456 Nempe
234 1393 251 1434 e
263 1370 410 1436 Lamachi
427 1373 565 1437 oratione
579 1393 620 1436 va.
634 1368 998 1446 1140-1141‚0ll.vss.
1013 1369 1242 1447 roua-1132,

109 1492 228 1572 apparet
253 1486 456 1574 Dicaeopolin
484 1487 616 1552 diuisae:

256 1662 294 1735 τὸ
317 1671 448 1738 δεῖπνον
468 1674 566 1761 αἴρου
587 1671 653 1758 (καὶ
673 1663 791 1756 βάδιζ’,
816 1659 843 1734 ὦ
864 1673 936 1752 παῖ,
959 1660 1084 1752 λαβών·

258 1783 371 1864 σίζει.
393 1777 570 1867 βαβαιάξ)·
593 1777 776 1869 συμποτικοὶ
795 1776 836 1849 τοὶ
858 1774 1043 1872 πράγματα.

146 1960 202 2026 Vs.
230 1963 318 2027 1124
331 1984 388 2048 pro
412 1953 639 2048 γοργόνωτον
660 1985 765 2028 verum
789 1961 911 2028 videtur
928 1951 1169 2050 γοργόνωπον,·
1192 1959 1241 2024 cui

107 2077 251 2143 vocabulo
275 2077 410 2143 exitialis
434 2079 494 2143 fuit
514 2080 726 2165 paronomasia
752 2102 797 2144 vs.
820 2102 866 2164 sq.
888 2078 920 2141 in
943 2067 1132 2166 τυρόνωτον.
1168 2076 1241 2140 Non

107 2195 201 2258 minua
223 2200 307 2259 certa
325 2202 355 2260 et
371 2195 546 2280 corruptela
565 2201 595 2259 et
614 2194 767 2261 medicina
786 2203 833 2260 est
857 2195 979 2265 Eoum.
1003 2214 1047 2255 vs.
1071 2192 1152 2256 193:
1176 2181 1245 2258 ἀλλ’

107 2304 149 2382 εἰς
168 2299 287 2396 ἀμαθῆ
307 2306 361 2374 καὶ
382 2302 541 2396 βδελυρὸν
563 2301 666 2397 ήκει·
688 2302 735 2397 μή
756 2309 868 2398 παρῇς
884 2306 948 2374 ucri.
970 2329 1026 2394 pro
1047 2298 1146 2376 ἄλλα
1167 2304 1244 2368 male

107 2425 232 2508 repetito
250 2446 321 2489 eva.
333 2423 527 2489 initiolbid.
541 2446 583 2489 vs.
593 2426 659 2490 524
671 2424 741 2512 lego
755 2447 763 2488 ε
781 2413 837 2490 οὐκ
848 2413 1003 2512 ἐξήρκεσε
1013 2410 1244 2508 πρεσβύτης

107 2526 158 2615 ἐν,
180 2530 233 2604 ὅτι
252 2537 313 2604 cori
334 2528 494 2603 σκώπτειν
516 2531 724 2628 οἷπελείφθη,
751 2541 858 2604 eiectis
881 2536 1057 2602 vocabulis:
1090 2525 1173 2600 ἄλλα
1191 2553 1244 2594 τε·

107 2645 220 2716 leorae
244 2644 309 2716 ἐπὶ
331 2645 457 2739 γήρως
479 2642 523 2716 ori
545 2643 619 2740 peip
641 2645 701 2740 ἐφ’
721 2646 820 2741 ἥβης
840 2649 1016 2742 ἐξεβλήθη,
1039 2651 1152 2736 quippe
1166 2667 1244 2731 quae

108 2760 218 2847 duplici
249 2764 407 2829 offendant
441 2765 622 2852 tautologia.
650 2768 819 2853 Sequentia
854 2767 1048 2854 intelligam,
1081 2767 1107 2830 si
1139 2767 1244 2850 poetae

108 2898 210 2944 manus
235 2880 330 2946 fucrit
350 2879 437 2944 haee:

645 3060 682 3142 ὃς
704 3068 821 3152 πολλῷ
840 3067 896 3158 ῥῷ
918 3068 989 3132 των
1011 3065 1194 3132 ἐπινοιῶν

144 3168 197 3240 δια
220 3176 285 3239 τοῖν
305 3167 436 3264 &preleio
456 3175 581 3244 πεδίων
603 3173 694 3268 ἐρρει
715 3178 779 3246 nce.

107 3348 155 3413 ubi
178 3351 295 3436 absque
316 3375 407 3418 sensu
426 3353 589 3442 vulgatur:
614 3345 652 3429 ἐς
673 3355 789 3440 πολλῷ
816 3345 963 3444 ῥεύσας
987 3349 1071 3419 ποτ’
1097 3349 1244 3434 ἐπαίνῳ

106 3487 164 3528 aaa.

147 3578 268 3644 Ibidem
291 3601 334 3645 vs.
358 3587 442 3647 598:

204 3736 287 3809 οἷλλοὶ
307 3739 366 3812 τοῖν
387 3749 428 3836 τῇ
449 3750 491 3839 γῇ
509 3749 568 3833 μὲν
589 3743 696 3818 αὐτῶν
718 3741 789 3818 οὐκ
812 3741 908 3838 ἄγαν
930 3739 1158 3832 θαυμάζομεν,

207 3849 253 3930 οἷς
276 3849 324 3923 ὅτ’
346 3857 379 3935 ἐς
401 3861 464 3928 neb.

106 4036 349 4116 exspectaveram
373 4026 414 4102 ον’
434 4027 572 4118 τόσον,
594 4045 625 4104 et
649 4040 770 4104 vstS
792 4039 897 4104 nullus
914 4038 1032 4115 dubito,
1049 4037 1125 4120 quin
1142 4055 1245 4098 verum

106 4148 157 4208 ait:
186 4145 327 4234 ληπτέον
347 4141 470 4231 μᾶλλόν
489 4177 541 4232 τι,
567 4141 731 4238 ὦνδρες·
756 4144 814 4218 οὐκ
834 4152 924 4239 ἐλᾷς,
946 4141 973 4216 ai
994 4140 1170 4238 σαμφόρας
1192 4147 1245 4212 ubi

106 4260 189 4326 locus
226 4283 289 4326 non
324 4269 370 4330 est
398 4267 546 4332 formulae
584 4267 747 4332 dubitandi
771 4263 810 4330 τί
831 4265 997 4354 δρῶμεν,
1020 4287 1097 4349 quae
1131 4269 1178 4329 est
1211 4264 1243 4327 in

108 4377 248 4465 vulgatis.
273 4376 328 4444 Vs.
351 4383 438 4446 664:
