2990 5156
808 469 848 528 50

419 638 490 704 Νῦν
512 627 541 702 δ’
561 628 598 724 ἢν
616 657 666 710 τις
686 636 788 702 σ’ίκοι
808 633 969 701 πλουσίαν
988 631 1044 724 ἔχῃ
1067 628 1205 725 φάτνην,

419 750 550 838 πρῶτος
568 747 767 838 γέγρατεται,
788 749 852 812 τοῖν
870 739 900 812 ν’
919 739 1131 829 ἀμεινόνων
1151 752 1293 833 κρατεῖ·

418 855 465 927 coi
486 852 515 926 d'
535 854 603 946 ἔργ’
623 850 748 926 ἐλάσσω
770 850 943 948 χρημάτων
964 859 1147 946 νομίζομεν.

311 974 366 1040 Vs.
381 978 396 1039 l
416 975 526 1060 scripsi
547 971 647 1054 οἴκοι,
664 981 828 1061 praeeunte
840 975 951 1040 Grotio
962 1025 969 1054 ‚
980 1004 1024 1035 =
1037 971 1070 1042 ἒν
1081 966 1193 1057 δόμοις
1204 996 1227 1038 s.
1240 965 1392 1058 σώμασιν.

306 1425 420 1494 Athen.
443 1425 488 1498 X,
513 1448 542 1512 p.
573 1428 639 1490 454
669 1424 707 1490 B.
739 1427 827 1492 affert
857 1427 1065 1514 fragmentum
1098 1447 1115 1488 e
1149 1425 1275 1500 Phorco,
1306 1424 1393 1489 cuius

263 1543 404 1610 nltimam
426 1546 544 1627 partem
567 1562 629 1608 uon
660 1541 738 1605 satia
768 1541 913 1627 expedio:

323 1681 367 1724 vs.
395 1661 447 1723 11.
469 1651 616 1743 γραμμαὶ
637 1643 698 1744 γάρ
722 1651 803 1724 εἰσιν
823 1652 862 1722 ἐκ
882 1645 1078 1734 dcccdccc
1098 1646 1177 1734 δύο,

469 1760 565 1836 οὗτοι
586 1765 624 1833 δὲ
645 1764 871 1855 συντρέχουσιν
891 1763 1034 1850 cispiaco
1054 1759 1159 1849 βάσιν.

307 1883 505 1952 Describitur
527 1884 626 1950 forma
647 1881 755 1948 literae
781 1887 820 1960 Y,
848 1881 938 1948 cuiue
959 1880 1060 1948 lineae
1084 1882 1191 1968 (quac,
1223 1879 1272 1945 uti
1293 1879 1394 1958 vider,

261 2001 346 2089 ipsae
372 1991 554 2088 ὁιεςὴκασι)
579 2020 640 2082 quo
670 2018 762 2064 sensu
782 1995 926 2062 dicantur
955 1993 989 2060 dr
1015 1985 1185 2074 δαςώτων,
1208 2017 1270 2060 non
1306 1995 1394 2081 pinne

262 2115 423 2204 perspicio.
444 2115 494 2180 An
506 2115 586 2180 forte
597 2110 640 2192 ἐκ,
664 2109 876 2198 dittographia
894 2116 1003 2177 natum
1014 2133 1052 2176 cx
1067 2115 1213 2200 sequente
1229 2111 1272 2195 dt,
1288 2111 1392 2176 locum
1481 2195 1482 2200 ἵ

262 2231 427 2318 occupavit
459 2229 603 2307 articuli,
626 2234 662 2293 ut
685 2227 759 2292 olim
785 2227 934 2313 scriptum
958 2227 1055 2290 fuisse
1075 2226 1253 2292 credamus:

459 2340 606 2429 γραμμαὶ
627 2332 689 2430 γάρ
713 2337 778 2406 εἰσι
799 2340 874 2404 τῶν
895 2340 1092 2419 σιεςωσῶν
1114 2330 1196 2405 dio?

262 2458 282 2523 i.
305 2479 330 2523 c.
352 2461 431 2523 duce
454 2459 534 2524 enim
558 2456 661 2522 uncae
683 2452 756 2522 accat
779 2457 847 2521 eius
866 2455 1000 2539 pencris,
1025 2456 1106 2541 qood
1118 2454 1221 2520 tineae
1236 2455 1392 2538 diocrqen·

262 2575 445 2639 tradiditor.

305 2926 420 2992 Melius
444 2925 558 3011 corrigi
581 2947 670 3010 posse
691 2925 800 3011 opinor
823 2925 973 2990 librorum
997 2926 1194 3012 scripturam,
1210 2947 1299 3010 quam
1317 2925 1390 2991 huc·
1479 2967 1480 3006 ;

260 3063 357 3127 usque
380 3043 495 3105 factum
527 3040 718 3117 coronidem,
750 3042 784 3105 in
809 3042 917 3128 fragm.
940 3065 958 3106 e
983 3043 1094 3106 Theseo
1114 3041 1196 3128 apud
1219 3041 1321 3107 Schol.
1339 3045 1391 3107 Ar.

260 3159 339 3223 Itan.
367 3161 445 3222 476:
1021 3145 1023 3152 ’

465 3261 552 3358 κάρα
570 3291 607 3333 τε
626 3259 688 3357 γάρ
709 3288 771 3336 σου
792 3273 918 3356 σογχεῶ
936 3275 1051 3354 νομαῖς
1072 3264 1185 3355 ὁμοῦ,.

467 3383 555 3469 ponci
574 3378 672 3446 πέδοι
693 3373 722 3446 d‘
744 3377 932 3466 ἐγκέφαλον·
955 3373 1107 3467 ὀμμάτων
1127 3375 1157 3448 δ’
1178 3373 1246 3449 ἄπο

466 3491 654 3578 αἱμοςαγεῖν
675 3493 843 3582 πρηςῆρες
864 3486 1070 3582 ῥεύσονται
1091 3484 1188 3560 κάτω.

305 3607 428 3671 Vitium
461 3608 622 3672 metricum
646 3629 691 3672 vs.
718 3609 739 3673 3
768 3608 862 3674 variis
885 3610 985 3674 modis
1013 3610 1165 3696 corrigere
1188 3609 1292 3674 conati
1319 3615 1390 3676 sont

260 3724 319 3789 viri
343 3723 443 3800 docti,
466 3723 633 3788 Barnesius
655 3724 831 3810 reponendo
859 3721 1020 3810 αἱμοςαγῆ
1041 3723 1208 3812 πρηςῆρε,
1231 3725 1389 3791 Bentlciua

260 3838 423 3904 scribendo
446 3830 586 3903 ὕσοντοιι.
608 3840 653 3903 At
674 3829 791 3904 ὕεσθαι
817 3839 967 3904 dicuntur
994 3857 1140 3923 personae
1166 3843 1197 3903 ot
1222 3861 1287 3919 ras,
1316 3863 1390 3927 quae

260 3953 454 4040 aquapluvia
476 3951 712 4031 humectantur,
735 3975 797 4019 non
822 3954 888 4036 ipse
903 3952 1014 4038 liquor.
1037 3953 1086 4017 Ex
1109 3951 1166 4017 illa
1181 3975 1253 4020 vero
1269 3959 1389 4021 coniec-

259 4073 330 4134 tura
351 4073 528 4154 corroptum
551 4073 653 4133 manet
676 4057 861 4154 ῥεύσονται,
884 4089 976 4154 quam
999 4068 1128 4132 formam
1151 4069 1212 4134 iam
1232 4071 1389 4158 Euripidis

260 4189 360 4248 aetate
402 4185 436 4248 in
475 4205 534 4248 usu
566 4183 662 4248 fuisse
703 4204 760 4268 pro
802 4171 974 4269 ῥοὴσονται
1014 4203 1078 4248 non
1121 4185 1213 4250 facilc
1261 4187 1387 4251 credam.

259 4299 411 4384 Equidem
441 4299 631 4384 scripserim:

466 4411 653 4497 αἱμοςαγεῖς
673 4411 840 4499 πρηςῆρες
863 4411 1045 4477 οἴσονται
1067 4401 1162 4478 κάτον.
