<?xml version="1.0" encoding="UTF-8"?>
<!DOCTYPE html PUBLIC "-//W3C//DTD XHTML 1.0 Transitional//EN"
    "http://www.w3.org/TR/xhtml1/DTD/xhtml1-transitional.dtd">
<html xmlns="http://www.w3.org/1999/xhtml" xml:lang="en" lang="en">
 <head>
  <title>
</title>
<meta http-equiv="Content-Type" content="text/html;charset=utf-8" />
  <meta name='ocr-system' content='tesseract 3.04.00' />
  <meta name='ocr-capabilities' content='ocr_page ocr_carea ocr_par ocr_line ocrx_word'/>
</head>
<body>
  <div class='ocr_page' id='page_1' title='image "./exercitationesc01herwgoog_0012.png"; bbox 0 0 2990 5156; ppageno 0'>
   <div class='ocr_carea' id='block_1_1' title="bbox 465 1467 910 1563">
    <p class='ocr_par' dir='ltr' id='par_1_1' title="bbox 465 1467 910 1563">
     <span class='ocr_line' id='line_1_1' title="bbox 465 1467 910 1563; baseline 0 -3"><span class='ocrx_word' id='word_1_1' title='bbox 465 1467 910 1563; x_wconf 85' lang='lat' dir='ltr'><strong>PRAEFATIO.</strong></span> 
     </span>
    </p>
   </div>
   <div class='ocr_carea' id='block_1_2' title="bbox 114 2072 1257 3460">
    <p class='ocr_par' dir='ltr' id='par_1_2' title="bbox 114 2072 1257 3441">
     <span class='ocr_line' id='line_1_2' title="bbox 160 2072 1254 2158; baseline -0.003 -21"><span class='ocrx_word' id='word_1_2' title='bbox 160 2073 312 2144; x_wconf 80' lang='lat' dir='ltr'><strong>Quamvis</strong></span> <span class='ocrx_word' id='word_1_3' title='bbox 336 2095 352 2136; x_wconf 91' lang='lat' dir='ltr'><strong>a</strong></span> <span class='ocrx_word' id='word_1_4' title='bbox 372 2073 488 2136; x_wconf 87' lang='lat' dir='ltr'><strong>renatis</strong></span> <span class='ocrx_word' id='word_1_5' title='bbox 515 2073 588 2137; x_wconf 87' lang='lat' dir='ltr'><strong>inde</strong></span> <span class='ocrx_word' id='word_1_6' title='bbox 612 2073 712 2138; x_wconf 88' lang='lat' dir='ltr'><strong>literis</strong></span> <span class='ocrx_word' id='word_1_7' title='bbox 736 2073 772 2138; x_wconf 90' lang='lat' dir='ltr'><strong>ad</strong></span> <span class='ocrx_word' id='word_1_8' title='bbox 798 2073 881 2138; x_wconf 92' lang='lat' dir='ltr'><strong>hunc</strong></span> <span class='ocrx_word' id='word_1_9' title='bbox 904 2096 1001 2158; x_wconf 89' lang='lat' dir='ltr'><strong>usque</strong></span> <span class='ocrx_word' id='word_1_10' title='bbox 1025 2072 1107 2137; x_wconf 89' lang='lat' dir='ltr'><strong>diem</strong></span> <span class='ocrx_word' id='word_1_11' title='bbox 1132 2072 1254 2158; x_wconf 84' lang='lat' dir='ltr'><strong>plurimi</strong></span> 
     </span>
     <span class='ocr_line' id='line_1_3' title="bbox 116 2189 1256 2276; baseline -0.002 -22"><span class='ocrx_word' id='word_1_12' title='bbox 116 2191 256 2254; x_wconf 87' lang='lat' dir='ltr'><strong>homines</strong></span> <span class='ocrx_word' id='word_1_13' title='bbox 284 2192 430 2256; x_wconf 78' lang='lat' dir='ltr'>Graecam</span> <span class='ocrx_word' id='word_1_14' title='bbox 453 2189 591 2276; x_wconf 84' lang='lat' dir='ltr'>linguam</span> <span class='ocrx_word' id='word_1_15' title='bbox 616 2191 732 2276; x_wconf 89' lang='lat' dir='ltr'><strong>optime</strong></span> <span class='ocrx_word' id='word_1_16' title='bbox 756 2189 903 2255; x_wconf 89' lang='lat' dir='ltr'><strong>callentes</strong></span> <span class='ocrx_word' id='word_1_17' title='bbox 925 2191 1081 2275; x_wconf 90' lang='lat' dir='ltr'><strong>iidemque</strong></span> <span class='ocrx_word' id='word_1_18' title='bbox 1103 2211 1164 2252; x_wconf 92' lang='lat' dir='ltr'><strong>non</strong></span> <span class='ocrx_word' id='word_1_19' title='bbox 1188 2211 1256 2254; x_wconf 89' lang='lat' dir='ltr'><strong>raro</strong></span> 
     </span>
     <span class='ocr_line' id='line_1_4' title="bbox 116 2305 1256 2394; baseline -0.003 -22"><span class='ocrx_word' id='word_1_20' title='bbox 116 2307 296 2372; x_wconf 86' lang='lat' dir='ltr'><strong>acutissimo</strong></span> <span class='ocrx_word' id='word_1_21' title='bbox 309 2307 440 2392; x_wconf 90' lang='lat' dir='ltr'><strong>praediti</strong></span> <span class='ocrx_word' id='word_1_22' title='bbox 460 2305 586 2392; x_wconf 85' lang='lat' dir='ltr'><strong>ingenio</strong></span> <span class='ocrx_word' id='word_1_23' title='bbox 601 2307 733 2372; x_wconf 89' lang='lat' dir='ltr'><strong>intentis</strong></span> <span class='ocrx_word' id='word_1_24' title='bbox 746 2307 865 2372; x_wconf 89' lang='lat' dir='ltr'><strong>viribus</strong></span> <span class='ocrx_word' id='word_1_25' title='bbox 877 2308 909 2371; x_wconf 92' lang='lat' dir='ltr'><strong>id</strong></span> <span class='ocrx_word' id='word_1_26' title='bbox 923 2309 1022 2394; x_wconf 81' lang='lat' dir='ltr'>egisse</span> <span class='ocrx_word' id='word_1_27' title='bbox 1034 2307 1164 2393; x_wconf 87' lang='lat' dir='ltr'><strong>putandi</strong></span> <span class='ocrx_word' id='word_1_28' title='bbox 1177 2308 1256 2379; x_wconf 87' lang='lat' dir='ltr'><strong>sint,</strong></span> 
     </span>
     <span class='ocr_line' id='line_1_5' title="bbox 115 2422 1256 2509; baseline -0.001 -22"><span class='ocrx_word' id='word_1_29' title='bbox 115 2428 152 2488; x_wconf 90' lang='lat' dir='ltr'><strong>ut</strong></span> <span class='ocrx_word' id='word_1_30' title='bbox 164 2424 275 2487; x_wconf 87' lang='lat' dir='ltr'><strong>veteris</strong></span> <span class='ocrx_word' id='word_1_31' title='bbox 287 2423 353 2487; x_wconf 90' lang='lat' dir='ltr'><strong>aevi</strong></span> <span class='ocrx_word' id='word_1_32' title='bbox 376 2422 542 2508; x_wconf 82' lang='lat' dir='ltr'><strong>scriptores</strong></span> <span class='ocrx_word' id='word_1_33' title='bbox 565 2434 631 2487; x_wconf 88' lang='lat' dir='ltr'><strong>turn</strong></span> <span class='ocrx_word' id='word_1_34' title='bbox 656 2424 843 2509; x_wconf 89' lang='lat' dir='ltr'><strong>optimorum</strong></span> <span class='ocrx_word' id='word_1_35' title='bbox 877 2424 1021 2488; x_wconf 89' lang='lat' dir='ltr'><strong>codicum</strong></span> <span class='ocrx_word' id='word_1_36' title='bbox 1049 2423 1256 2488; x_wconf 79' lang='lat' dir='ltr'><strong>auxiliatum</strong></span> 
     </span>
     <span class='ocr_line' id='line_1_6' title="bbox 117 2537 1256 2624; baseline -0.001 -21"><span class='ocrx_word' id='word_1_37' title='bbox 117 2539 280 2605; x_wconf 89' lang='lat' dir='ltr'><strong>divinandi</strong></span> <span class='ocrx_word' id='word_1_38' title='bbox 303 2537 450 2603; x_wconf 78' lang='lat' dir='ltr'><strong>facultate</strong></span> <span class='ocrx_word' id='word_1_39' title='bbox 476 2539 573 2603; x_wconf 90' lang='lat' dir='ltr'><strong>adiuti</strong></span> <span class='ocrx_word' id='word_1_40' title='bbox 596 2561 685 2624; x_wconf 91' lang='lat' dir='ltr'><strong>quam</strong></span> <span class='ocrx_word' id='word_1_41' title='bbox 700 2540 965 2604; x_wconf 77' lang='lat' dir='ltr'><strong>emendatissimos</strong></span> <span class='ocrx_word' id='word_1_42' title='bbox 981 2540 1122 2616; x_wconf 87' lang='lat' dir='ltr'><strong>ederent,</strong></span> <span class='ocrx_word' id='word_1_43' title='bbox 1142 2538 1256 2603; x_wconf 89' lang='lat' dir='ltr'><strong>nihilo-</strong></span> 
     </span>
     <span class='ocr_line' id='line_1_7' title="bbox 116 2653 1256 2742; baseline -0.002 -21"><span class='ocrx_word' id='word_1_44' title='bbox 116 2657 221 2721; x_wconf 87' lang='lat' dir='ltr'><strong>minus</strong></span> <span class='ocrx_word' id='word_1_45' title='bbox 237 2653 343 2740; x_wconf 86' lang='lat' dir='ltr'><strong>negari</strong></span> <span class='ocrx_word' id='word_1_46' title='bbox 363 2675 425 2718; x_wconf 91' lang='lat' dir='ltr'><strong>non</strong></span> <span class='ocrx_word' id='word_1_47' title='bbox 445 2659 500 2740; x_wconf 92' lang='lat' dir='ltr'><strong>pot</strong></span> <span class='ocrx_word' id='word_1_48' title='bbox 501 2661 547 2720; x_wconf 88' lang='lat' dir='ltr'><strong>est</strong></span> <span class='ocrx_word' id='word_1_49' title='bbox 533 2656 662 2720; x_wconf 87' lang='lat' dir='ltr'><strong>tetiam</strong></span> <span class='ocrx_word' id='word_1_50' title='bbox 675 2655 769 2720; x_wconf 91' lang='lat' dir='ltr'><strong>hodie</strong></span> <span class='ocrx_word' id='word_1_51' title='bbox 781 2657 813 2719; x_wconf 91' lang='lat' dir='ltr'><strong>in</strong></span> <span class='ocrx_word' id='word_1_52' title='bbox 827 2660 880 2742; x_wconf 91' lang='lat' dir='ltr'><strong>opt</strong></span> <span class='ocrx_word' id='word_1_53' title='bbox 868 2656 988 2720; x_wconf 89' lang='lat' dir='ltr'><strong>ttimoe</strong></span> <span class='ocrx_word' id='word_1_54' title='bbox 1004 2655 1058 2720; x_wconf 91' lang='lat' dir='ltr'><strong>trit</strong></span> <span class='ocrx_word' id='word_1_55' title='bbox 1061 2656 1166 2720; x_wconf 89' lang='lat' dir='ltr'><strong>issimo</strong></span> <span class='ocrx_word' id='word_1_56' title='bbox 1182 2678 1256 2740; x_wconf 91' lang='lat' dir='ltr'><strong>quo-</strong></span> 
     </span>
     <span class='ocr_line' id='line_1_8' title="bbox 116 2770 1255 2862; baseline -0.001 -27"><span class='ocrx_word' id='word_1_57' title='bbox 116 2793 176 2856; x_wconf 91' lang='lat' dir='ltr'><strong>que</strong></span> <span class='ocrx_word' id='word_1_58' title='bbox 189 2771 337 2862; x_wconf 86' lang='lat' dir='ltr'><strong>scriptore</strong></span> <span class='ocrx_word' id='word_1_59' title='bbox 348 2793 438 2855; x_wconf 91' lang='lat' dir='ltr'><strong>quam</strong></span> <span class='ocrx_word' id='word_1_60' title='bbox 451 2770 600 2856; x_wconf 85' lang='lat' dir='ltr'><strong>plurimos</strong></span> <span class='ocrx_word' id='word_1_61' title='bbox 616 2775 735 2836; x_wconf 84' lang='lat' dir='ltr'><strong>exstare</strong></span> <span class='ocrx_word' id='word_1_62' title='bbox 754 2771 854 2849; x_wconf 88' lang='lat' dir='ltr'><strong>locos,</strong></span> <span class='ocrx_word' id='word_1_63' title='bbox 874 2771 987 2857; x_wconf 89' lang='lat' dir='ltr'><strong>quibus</strong></span> <span class='ocrx_word' id='word_1_64' title='bbox 1009 2781 1061 2837; x_wconf 90' lang='lat' dir='ltr'><strong>aut</strong></span> <span class='ocrx_word' id='word_1_65' title='bbox 1048 2772 1255 2837; x_wconf 86' lang='lat' dir='ltr'><strong>tGraecitati</strong></span> 
     </span>
     <span class='ocr_line' id='line_1_9' title="bbox 116 2860 1256 2975; baseline 0 -23"><span class='ocrx_word' id='word_1_66' title='bbox 116 2893 171 2952; x_wconf 90' lang='lat' dir='ltr'><strong>aut</strong></span> <span class='ocrx_word' id='word_1_67' title='bbox 193 2889 326 2952; x_wconf 90' lang='lat' dir='ltr'><strong>sentent</strong></span> <span class='ocrx_word' id='word_1_68' title='bbox 317 2910 363 2952; x_wconf 87' lang='lat' dir='ltr'><strong>rae</strong></span> <span class='ocrx_word' id='word_1_69' title='bbox 380 2888 442 2951; x_wconf 93' lang='lat' dir='ltr'><strong>vim</strong></span> <span class='ocrx_word' id='word_1_70' title='bbox 466 2888 574 2952; x_wconf 87' lang='lat' dir='ltr'><strong>inferri</strong></span> <span class='ocrx_word' id='word_1_71' title='bbox 599 2893 750 2975; x_wconf 82' lang='lat' dir='ltr'><strong>appareat.</strong></span> <span class='ocrx_word' id='word_1_72' title='bbox 774 2888 874 2960; x_wconf 82' lang='lat' dir='ltr'><strong>Quam</strong></span> <span class='ocrx_word' id='word_1_73' title='bbox 895 2889 994 2954; x_wconf 87' lang='lat' dir='ltr'><strong>multa</strong></span> <span class='ocrx_word' id='word_1_74' title='bbox 1016 2889 1148 2953; x_wconf 87' lang='lat' dir='ltr'><strong>autem</strong></span> <span class='ocrx_word' id='word_1_75' title='bbox 1139 2910 1172 2953; x_wconf 89' lang='lat' dir='ltr'><strong>rn</strong></span> <span class='ocrx_word' id='word_1_76' title='bbox 1194 2860 1256 2952; x_wconf 89' lang='lat' dir='ltr'><strong>hoc</strong></span> 
     </span>
     <span class='ocr_line' id='line_1_10' title="bbox 114 3003 1257 3092; baseline -0.002 -23"><span class='ocrx_word' id='word_1_77' title='bbox 114 3026 240 3089; x_wconf 92' lang='lat' dir='ltr'><strong>quoque</strong></span> <span class='ocrx_word' id='word_1_78' title='bbox 258 3025 369 3090; x_wconf 84' lang='lat' dir='ltr'><strong>genere</strong></span> <span class='ocrx_word' id='word_1_79' title='bbox 400 3009 524 3068; x_wconf 90' lang='lat' dir='ltr'><strong>nostrae</strong></span> <span class='ocrx_word' id='word_1_80' title='bbox 544 3004 653 3068; x_wconf 90' lang='lat' dir='ltr'><strong>aetatis</strong></span> <span class='ocrx_word' id='word_1_81' title='bbox 675 3005 795 3068; x_wconf 89' lang='lat' dir='ltr'><strong>criticis</strong></span> <span class='ocrx_word' id='word_1_82' title='bbox 819 3004 937 3092; x_wconf 87' lang='lat' dir='ltr'><strong>agenda</strong></span> <span class='ocrx_word' id='word_1_83' title='bbox 960 3005 1134 3089; x_wconf 87' lang='lat' dir='ltr'><strong>supersint,</strong></span> <span class='ocrx_word' id='word_1_84' title='bbox 1101 3003 1257 3068; x_wconf 88' lang='lat' dir='ltr'><strong>tfaeile</strong></span> 
     </span>
     <span class='ocr_line' id='line_1_11' title="bbox 114 3119 1256 3208; baseline -0.002 -21"><span class='ocrx_word' id='word_1_85' title='bbox 114 3121 323 3208; x_wconf 81' lang='lat' dir='ltr'><strong>intelligimus</strong></span> <span class='ocrx_word' id='word_1_86' title='bbox 338 3119 503 3197; x_wconf 85' lang='lat' dir='ltr'><strong>Dindorfii,</strong></span> <span class='ocrx_word' id='word_1_87' title='bbox 523 3120 686 3197; x_wconf 89' lang='lat' dir='ltr'><strong>Meinekii‚</strong></span> <span class='ocrx_word' id='word_1_88' title='bbox 700 3120 820 3199; x_wconf 86' lang='lat' dir='ltr'><strong>Cobeti,</strong></span> <span class='ocrx_word' id='word_1_89' title='bbox 832 3121 961 3186; x_wconf 90' lang='lat' dir='ltr'><strong>aliorum</strong></span> <span class='ocrx_word' id='word_1_90' title='bbox 977 3119 1156 3185; x_wconf 89' lang='lat' dir='ltr'><strong>uberrimam</strong></span> <span class='ocrx_word' id='word_1_91' title='bbox 1170 3143 1256 3208; x_wconf 86' lang='lat' dir='ltr'><strong>egre-</strong></span> 
     </span>
     <span class='ocr_line' id='line_1_12' title="bbox 115 3235 1256 3346; baseline -0.002 -44"><span class='ocrx_word' id='word_1_92' title='bbox 115 3240 237 3326; x_wconf 88' lang='lat' dir='ltr'><strong>giarum</strong></span> <span class='ocrx_word' id='word_1_93' title='bbox 259 3235 506 3300; x_wconf 82' lang='lat' dir='ltr'><strong>emendationum</strong></span> <span class='ocrx_word' id='word_1_94' title='bbox 535 3237 671 3324; x_wconf 89' lang='lat' dir='ltr'><strong>copiam</strong></span> <span class='ocrx_word' id='word_1_95' title='bbox 678 3237 711 3300; x_wconf 92' lang='lat' dir='ltr'><strong>in</strong></span> <span class='ocrx_word' id='word_1_96' title='bbox 734 3238 834 3346; x_wconf 78' lang='lat' dir='ltr'><strong>script</strong></span> <span class='ocrx_word' id='word_1_97' title='bbox 835 3237 862 3301; x_wconf 86' lang='lat' dir='ltr'><strong>is</strong></span> <span class='ocrx_word' id='word_1_98' title='bbox 886 3242 936 3301; x_wconf 91' lang='lat' dir='ltr'><strong>vet</strong></span> <span class='ocrx_word' id='word_1_99' title='bbox 938 3260 1021 3302; x_wconf 93' lang='lat' dir='ltr'><strong>erum</strong></span> <span class='ocrx_word' id='word_1_100' title='bbox 1046 3237 1256 3302; x_wconf 90' lang='lat' dir='ltr'><strong>monumentis</strong></span> 
     </span>
     <span class='ocr_line' id='line_1_13' title="bbox 116 3349 1255 3460; baseline -0.001 -43"><span class='ocrx_word' id='word_1_101' title='bbox 116 3359 193 3440; x_wconf 90' lang='lat' dir='ltr'><strong>quot</strong></span> <span class='ocrx_word' id='word_1_102' title='bbox 180 3352 257 3418; x_wconf 92' lang='lat' dir='ltr'><strong>tidie</strong></span> <span class='ocrx_word' id='word_1_103' title='bbox 277 3353 371 3417; x_wconf 86' lang='lat' dir='ltr'><strong>ferme</strong></span> <span class='ocrx_word' id='word_1_104' title='bbox 392 3353 545 3417; x_wconf 89' lang='lat' dir='ltr'><strong>admirant</strong></span> <span class='ocrx_word' id='word_1_105' title='bbox 532 3357 622 3417; x_wconf 91' lang='lat' dir='ltr'><strong>tes</strong></span> <span class='ocrx_word' id='word_1_106' title='bbox 608 3349 656 3418; x_wconf 94' lang='lat' dir='ltr'><strong>A</strong></span> <span class='ocrx_word' id='word_1_107' title='bbox 673 3363 820 3442; x_wconf 88' lang='lat' dir='ltr'><strong>quorum</strong></span> <span class='ocrx_word' id='word_1_108' title='bbox 815 3353 962 3460; x_wconf 71' lang='lat' dir='ltr'><strong>irirorum</strong></span> <span class='ocrx_word' id='word_1_109' title='bbox 987 3361 1088 3441; x_wconf 88' lang='lat' dir='ltr'><strong>praest</strong></span> <span class='ocrx_word' id='word_1_110' title='bbox 1090 3359 1143 3418; x_wconf 91' lang='lat' dir='ltr'><strong>ant</strong></span> <span class='ocrx_word' id='word_1_111' title='bbox 1144 3354 1175 3418; x_wconf 89' lang='lat' dir='ltr'><strong>ia</strong></span> <span class='ocrx_word' id='word_1_112' title='bbox 1130 3354 1255 3418; x_wconf 86' lang='lat' dir='ltr'><strong>tetsi</strong></span> 
     </span>
    </p>
   </div>
   <div class='ocr_carea' id='block_1_3' title="bbox 114 3451 1256 3655">
    <p class='ocr_par' dir='ltr' id='par_1_3' title="bbox 114 3451 1256 3655">
     <span class='ocr_line' id='line_1_14' title="bbox 114 3451 1256 3655; baseline 0 -122"><span class='ocrx_word' id='word_1_113' title='bbox 114 3470 243 3556; x_wconf 82' lang='lat' dir='ltr'><strong>longo</strong></span> <span class='ocrx_word' id='word_1_114' title='bbox 234 3473 282 3534; x_wconf 87' lang='lat' dir='ltr'><strong>rnt</strong></span> <span class='ocrx_word' id='word_1_115' title='bbox 269 3468 399 3534; x_wconf 87' lang='lat' dir='ltr'><strong>tervallo</strong></span> <span class='ocrx_word' id='word_1_116' title='bbox 419 3491 466 3534; x_wconf 90' lang='lat' dir='ltr'><strong>me</strong></span> <span class='ocrx_word' id='word_1_117' title='bbox 481 3451 685 3655; x_wconf 51' lang='lat' dir='ltr'><strong>remotpm</strong></span> <span class='ocrx_word' id='word_1_118' title='bbox 650 3491 720 3559; x_wconf 81' lang='lat' dir='ltr'><strong>esse</strong></span> <span class='ocrx_word' id='word_1_119' title='bbox 738 3474 806 3534; x_wconf 85' lang='lat' dir='ltr'><strong>sent</strong></span> <span class='ocrx_word' id='word_1_120' title='bbox 806 3465 855 3556; x_wconf 81' lang='lat' dir='ltr'><strong>io,</strong></span> <span class='ocrx_word' id='word_1_121' title='bbox 851 3470 964 3534; x_wconf 86' lang='lat' dir='ltr'><strong>dict</strong></span> <span class='ocrx_word' id='word_1_122' title='bbox 950 3476 1052 3534; x_wconf 84' lang='lat' dir='ltr'><strong>tamen</strong></span> <span class='ocrx_word' id='word_1_123' title='bbox 1073 3475 1120 3536; x_wconf 90' lang='lat' dir='ltr'><strong>est</strong></span> <span class='ocrx_word' id='word_1_124' title='bbox 1141 3487 1178 3534; x_wconf 93' lang='lat' dir='ltr'><strong>ex</strong></span> <span class='ocrx_word' id='word_1_125' title='bbox 1195 3491 1256 3556; x_wconf 91' lang='lat' dir='ltr'><strong>quo</strong></span> 
     </span>
    </p>
   </div>
   <div class='ocr_carea' id='block_1_4' title="bbox 114 3567 1258 4370">
    <p class='ocr_par' dir='ltr' id='par_1_4' title="bbox 114 3567 1258 3904">
     <span class='ocr_line' id='line_1_15' title="bbox 114 3567 1258 3688; baseline 0.002 -40"><span class='ocrx_word' id='word_1_126' title='bbox 114 3585 240 3649; x_wconf 88' lang='lat' dir='ltr'><strong>illorum</strong></span> <span class='ocrx_word' id='word_1_127' title='bbox 254 3584 401 3671; x_wconf 85' lang='lat' dir='ltr'><strong>exemplis</strong></span> <span class='ocrx_word' id='word_1_128' title='bbox 421 3591 503 3650; x_wconf 79' lang='lat' dir='ltr'><strong>excit</strong></span> <span class='ocrx_word' id='word_1_129' title='bbox 505 3608 585 3650; x_wconf 81' lang='lat' dir='ltr'><strong>usin</strong></span> <span class='ocrx_word' id='word_1_130' title='bbox 607 3567 698 3688; x_wconf 71' lang='lat' dir='ltr'><strong>tarrl</strong></span> <span class='ocrx_word' id='word_1_131' title='bbox 704 3605 817 3657; x_wconf 80' lang='lat' dir='ltr'><strong>animo</strong></span> <span class='ocrx_word' id='word_1_132' title='bbox 818 3585 1043 3659; x_wconf 84' lang='lat' dir='ltr'><strong>iudicandit</strong></span> <span class='ocrx_word' id='word_1_133' title='bbox 1012 3592 1043 3651; x_wconf 91' lang='lat' dir='ltr'><strong>et</strong></span> <span class='ocrx_word' id='word_1_134' title='bbox 1064 3585 1258 3673; x_wconf 86' lang='lat' dir='ltr'><strong>reperiendae</strong></span> 
     </span>
     <span class='ocr_line' id='line_1_16' title="bbox 115 3671 1257 3789; baseline 0 -23"><span class='ocrx_word' id='word_1_135' title='bbox 115 3701 215 3766; x_wconf 90' lang='lat' dir='ltr'><strong>verita</strong></span> <span class='ocrx_word' id='word_1_136' title='bbox 216 3700 258 3764; x_wconf 90' lang='lat' dir='ltr'><strong>tis</strong></span> <span class='ocrx_word' id='word_1_137' title='bbox 216 3700 412 3764; x_wconf 88' lang='lat' dir='ltr'><strong>ttatfacul</strong></span> <span class='ocrx_word' id='word_1_138' title='bbox 366 3705 460 3765; x_wconf 73' lang='grc'>1110111</span> <span class='ocrx_word' id='word_1_139' title='bbox 484 3700 623 3766; x_wconf 89' lang='lat' dir='ltr'><strong>excolere</strong></span> <span class='ocrx_word' id='word_1_140' title='bbox 644 3685 696 3766; x_wconf 85' lang='lat' dir='ltr'><strong>et&#39;</strong></span> <span class='ocrx_word' id='word_1_141' title='bbox 689 3671 870 3766; x_wconf 68' lang='lat' dir='ltr'><strong>excolendo</strong></span> <span class='ocrx_word' id='word_1_142' title='bbox 897 3724 1008 3789; x_wconf 84' lang='lat' dir='ltr'><strong>augere</strong></span> <span class='ocrx_word' id='word_1_143' title='bbox 1031 3703 1127 3788; x_wconf 90' lang='lat' dir='ltr'><strong>coepi.</strong></span> <span class='ocrx_word' id='word_1_144' title='bbox 1150 3702 1257 3774; x_wconf 81' lang='lat' dir='ltr'><strong>Quum</strong></span> 
     </span>
     <span class='ocr_line' id='line_1_17' title="bbox 114 3815 1257 3904; baseline 0 -22"><span class='ocrx_word' id='word_1_145' title='bbox 114 3815 296 3882; x_wconf 89' lang='lat' dir='ltr'><strong>verohuius</strong></span> <span class='ocrx_word' id='word_1_146' title='bbox 316 3822 345 3880; x_wconf 90' lang='lat' dir='ltr'><strong>st</strong></span> <span class='ocrx_word' id='word_1_147' title='bbox 332 3817 412 3882; x_wconf 90' lang='lat' dir='ltr'><strong>tudii</strong></span> <span class='ocrx_word' id='word_1_148' title='bbox 434 3816 620 3883; x_wconf 86' lang='lat' dir='ltr'><strong>documenta</strong></span> <span class='ocrx_word' id='word_1_149' title='bbox 642 3819 789 3903; x_wconf 91' lang='lat' dir='ltr'><strong>quaedam</strong></span> <span class='ocrx_word' id='word_1_150' title='bbox 812 3818 882 3884; x_wconf 89' lang='lat' dir='ltr'><strong>aliis</strong></span> <span class='ocrx_word' id='word_1_151' title='bbox 896 3817 1112 3884; x_wconf 83' lang='lat' dir='ltr'><strong>occasionibus</strong></span> <span class='ocrx_word' id='word_1_152' title='bbox 1136 3818 1257 3904; x_wconf 90' lang='lat' dir='ltr'><strong>prolata</strong></span> 
     </span>
    </p>

    <p class='ocr_par' dir='ltr' id='par_1_5' title="bbox 114 3931 1257 4370">
     <span class='ocr_line' id='line_1_18' title="bbox 114 3931 1257 4020; baseline -0.002 -22"><span class='ocrx_word' id='word_1_153' title='bbox 114 3931 193 3998; x_wconf 87' lang='lat' dir='ltr'><strong>viris</strong></span> <span class='ocrx_word' id='word_1_154' title='bbox 210 3931 340 3996; x_wconf 88' lang='lat' dir='ltr'><strong>eruditis</strong></span> <span class='ocrx_word' id='word_1_155' title='bbox 361 3954 423 3998; x_wconf 92' lang='lat' dir='ltr'><strong>non</strong></span> <span class='ocrx_word' id='word_1_156' title='bbox 441 3933 637 4020; x_wconf 88' lang='lat' dir='ltr'><strong>displicuisse</strong></span> <span class='ocrx_word' id='word_1_157' title='bbox 656 3934 883 4012; x_wconf 82' lang='lat' dir='ltr'><strong>intellexerim,</strong></span> <span class='ocrx_word' id='word_1_158' title='bbox 906 3957 990 3998; x_wconf 90' lang='lat' dir='ltr'><strong>nunc</strong></span> <span class='ocrx_word' id='word_1_159' title='bbox 1013 3955 1134 4018; x_wconf 87' lang='lat' dir='ltr'><strong>quoque</strong></span> <span class='ocrx_word' id='word_1_160' title='bbox 1154 3933 1257 4019; x_wconf 90' lang='lat' dir='ltr'><strong>aliqua</strong></span> 
     </span>
     <span class='ocr_line' id='line_1_19' title="bbox 114 4049 1256 4134; baseline 0.001 -22"><span class='ocrx_word' id='word_1_161' title='bbox 114 4069 184 4134; x_wconf 86' lang='lat' dir='ltr'><strong>spes</strong></span> <span class='ocrx_word' id='word_1_162' title='bbox 214 4069 261 4112; x_wconf 93' lang='lat' dir='ltr'><strong>me</strong></span> <span class='ocrx_word' id='word_1_163' title='bbox 279 4053 364 4113; x_wconf 89' lang='lat' dir='ltr'><strong>tenet</strong></span> <span class='ocrx_word' id='word_1_164' title='bbox 385 4049 470 4128; x_wconf 84' lang='lat' dir='ltr'><strong>fore,</strong></span> <span class='ocrx_word' id='word_1_165' title='bbox 508 4055 545 4114; x_wconf 92' lang='lat' dir='ltr'><strong>ut</strong></span> <span class='ocrx_word' id='word_1_166' title='bbox 567 4050 661 4116; x_wconf 91' lang='lat' dir='ltr'><strong>iidem</strong></span> <span class='ocrx_word' id='word_1_167' title='bbox 685 4050 740 4116; x_wconf 90' lang='lat' dir='ltr'><strong>has</strong></span> <span class='ocrx_word' id='word_1_168' title='bbox 765 4051 980 4115; x_wconf 90' lang='lat' dir='ltr'><strong>adnotationes</strong></span> <span class='ocrx_word' id='word_1_169' title='bbox 1015 4051 1142 4115; x_wconf 89' lang='lat' dir='ltr'><strong>criticas</strong></span> <span class='ocrx_word' id='word_1_170' title='bbox 1165 4050 1256 4115; x_wconf 91' lang='lat' dir='ltr'><strong>bene-</strong></span> 
     </span>
     <span class='ocr_line' id='line_1_20' title="bbox 114 4163 1256 4254; baseline 0 -24"><span class='ocrx_word' id='word_1_171' title='bbox 114 4163 187 4230; x_wconf 91' lang='lat' dir='ltr'><strong>volo</strong></span> <span class='ocrx_word' id='word_1_172' title='bbox 219 4163 337 4228; x_wconf 86' lang='lat' dir='ltr'><strong>iudicio</strong></span> <span class='ocrx_word' id='word_1_173' title='bbox 372 4166 539 4251; x_wconf 84' lang='lat' dir='ltr'><strong>excipiant.</strong></span> <span class='ocrx_word' id='word_1_174' title='bbox 575 4168 614 4231; x_wconf 91' lang='lat' dir='ltr'><strong>In</strong></span> <span class='ocrx_word' id='word_1_175' title='bbox 650 4166 708 4232; x_wconf 89' lang='lat' dir='ltr'><strong>hac</strong></span> <span class='ocrx_word' id='word_1_176' title='bbox 742 4172 841 4232; x_wconf 88' lang='lat' dir='ltr'><strong>autem</strong></span> <span class='ocrx_word' id='word_1_177' title='bbox 870 4167 1040 4252; x_wconf 87' lang='lat' dir='ltr'><strong>scriptione</strong></span> <span class='ocrx_word' id='word_1_178' title='bbox 1068 4167 1101 4231; x_wconf 93' lang='lat' dir='ltr'><strong>id</strong></span> <span class='ocrx_word' id='word_1_179' title='bbox 1125 4167 1191 4254; x_wconf 88' lang='lat' dir='ltr'><strong>egi,</strong></span> <span class='ocrx_word' id='word_1_180' title='bbox 1220 4171 1256 4230; x_wconf 91' lang='lat' dir='ltr'><strong>ut</strong></span> 
     </span>
     <span class='ocr_line' id='line_1_21' title="bbox 114 4279 1256 4370; baseline 0.002 -26"><span class='ocrx_word' id='word_1_181' title='bbox 114 4301 207 4364; x_wconf 88' lang='lat' dir='ltr'><strong>quam</strong></span> <span class='ocrx_word' id='word_1_182' title='bbox 236 4279 432 4366; x_wconf 87' lang='lat' dir='ltr'><strong>paucissimis</strong></span> <span class='ocrx_word' id='word_1_183' title='bbox 468 4281 570 4346; x_wconf 88' lang='lat' dir='ltr'><strong>verbis</strong></span> <span class='ocrx_word' id='word_1_184' title='bbox 604 4283 729 4370; x_wconf 83' lang='lat' dir='ltr'><strong>singula</strong></span> <span class='ocrx_word' id='word_1_185' title='bbox 762 4281 957 4347; x_wconf 90' lang='lat' dir='ltr'><strong>absolverem.</strong></span> <span class='ocrx_word' id='word_1_186' title='bbox 989 4281 1115 4347; x_wconf 78' lang='lat' dir='ltr'><strong>Etenim</strong></span> <span class='ocrx_word' id='word_1_187' title='bbox 1143 4282 1256 4346; x_wconf 88' lang='lat' dir='ltr'><strong>docue-</strong></span> 
     </span>
    </p>
   </div>
   <div class='ocr_carea' id='block_1_5' title="bbox 112 4396 1254 4486">
    <p class='ocr_par' dir='ltr' id='par_1_6' title="bbox 112 4396 1254 4486">
     <span class='ocr_line' id='line_1_22' title="bbox 112 4396 1254 4486; baseline 0.001 -24"><span class='ocrx_word' id='word_1_188' title='bbox 112 4401 164 4462; x_wconf 85' lang='lat' dir='ltr'><strong>rat</strong></span> <span class='ocrx_word' id='word_1_189' title='bbox 195 4417 243 4461; x_wconf 91' lang='lat' dir='ltr'><strong>me</strong></span> <span class='ocrx_word' id='word_1_190' title='bbox 287 4402 357 4462; x_wconf 91' lang='lat' dir='ltr'><strong>turn</strong></span> <span class='ocrx_word' id='word_1_191' title='bbox 398 4396 497 4462; x_wconf 85' lang='lat' dir='ltr'><strong>aliena</strong></span> <span class='ocrx_word' id='word_1_192' title='bbox 535 4402 601 4464; x_wconf 93' lang='lat' dir='ltr'><strong>tum</strong></span> <span class='ocrx_word' id='word_1_193' title='bbox 636 4421 702 4464; x_wconf 91' lang='lat' dir='ltr'><strong>mea</strong></span> <span class='ocrx_word' id='word_1_194' title='bbox 736 4421 857 4485; x_wconf 91' lang='lat' dir='ltr'><strong>quoque</strong></span> <span class='ocrx_word' id='word_1_195' title='bbox 894 4398 1082 4486; x_wconf 87' lang='lat' dir='ltr'><strong>experientia</strong></span> <span class='ocrx_word' id='word_1_196' title='bbox 1129 4399 1162 4463; x_wconf 92' lang='lat' dir='ltr'><strong>in</strong></span> <span class='ocrx_word' id='word_1_197' title='bbox 1195 4397 1254 4463; x_wconf 89' lang='lat' dir='ltr'><strong>hoc</strong></span> 
     </span>
    </p>
   </div>
   <div class='ocr_carea' id='block_1_6' title="bbox 0 0 1500 5156">
    <p class='ocr_par' dir='ltr' id='par_1_7' title="bbox 0 0 1500 5156">
     <span class='ocr_line' id='line_1_23' title="bbox 0 0 1500 5156; baseline 0 0"><span class='ocrx_word' id='word_1_198' title='bbox 0 0 1500 5156; x_wconf 95' lang='lat' dir='ltr'><strong> </strong></span> 
     </span>
    </p>
   </div>
  </div>
 </body>
</html>
