2990 5156
649 443 689 506 21

105 639 163 704 que
193 641 211 683 a
241 617 317 684 viris
349 615 452 684 doctis
476 620 591 686 lactum
616 643 681 688 esse
706 618 812 700 video,
840 641 970 706 quorum
997 619 1117 687 diversa
1140 623 1242 686 tentu-

105 737 186 801 mina
208 742 407 803 recensentur
431 737 468 803 ub
498 737 640 805 Albertio
673 739 711 804 ud
743 737 935 826 Hesychium
962 738 1119 806 Scribitur
1141 743 1241 804 autem
1359 809 1374 826 ,

105 853 183 940 apud
202 852 392 940 Hesychium
425 855 487 920 sic:

145 967 303 1057 Κοορίον·
327 968 502 1056 Σοφοκλῆς
522 960 735 1058 Ἀνδρομέδᾳ·
756 961 1019 1061 ἤμιοοτόνκοριον
1039 970 1117 1056 (sic)
1138 964 1241 1062 ᾑρέθη

104 1079 198 1150 πόλει
207 1072 306 1166 νόμος
319 1071 380 1170 γάρ
404 1075 473 1146 ἐστι
494 1087 565 1159 τοῖς
583 1073 767 1174 βαρβάροις
788 1082 964 1174 θνηπολεῖν
982 1075 1132 1172 βρότειον
1146 1082 1243 1175 ἀρχῆ

105 1201 157 1265 θεν
177 1194 274 1286 μέρος
298 1197 369 1285 (sic)
393 1195 443 1282 τῷ
464 1187 591 1285 Κρόνῳ.

143 1313 182 1376 In
199 1315 883 1381 ANAPOMEAAIHMIOYTOKOPION
903 1309 960 1395 (sic
980 1312 1061 1377 enim
1075 1313 1172 1378 codex
1184 1334 1242 1378 sec.

103 1427 290 1494 Nauckium.
315 1428 422 1515 Vulgo
435 1414 605 1514 κοόρειον.)
632 1425 804 1507 delitescit,
828 1430 861 1493 ni
881 1427 984 1506 fallor,
997 1427 1073 1494 haec
1090 1430 1243 1516 scriptura

103 1546 865 1629 ΛΝΔΡΟΜΕΔΑΙΑΖΗΜΙΟΝΤΟΚΟΡΙΟΝ,
912 1550 943 1610 et
965 1543 1112 1633 Sophocli
1140 1546 1243 1613 reddi·

104 1657 216 1724 desim:

306 1760 472 1859 ἀζήμιον
491 1763 536 1838 τό
555 1760 691 1859 κόριον
713 1763 817 1861 ᾑρέθη
839 1764 945 1842 πόλει.

305 1876 406 1970 νόμος
426 1874 487 1971 γάρ
509 1880 577 1950 ἐστι
596 1888 684 1951 τοῖσι
704 1876 888 1976 βαρβάροις
909 1877 1026 1978 Κρόνῳ

310 1995 488 2087 θορπολεῖν
504 1987 655 2086 βρότειον
677 1987 817 2087 ἀρχῆθεν
837 1984 946 2090 μέραςζ

101 2113 120 2180 i.
151 2137 177 2180 c.
205 2111 307 2198 Culpa
340 2133 459 2178 οοοοιιι
487 2113 601 2197 puella
633 2137 654 2178 α
687 2113 807 2182 ciuibus
839 2117 961 2184 delecta
995 2113 1051 2183 cal,
1078 2117 1140 2183 nu
1162 2117 1243 2186 euim

102 2254 163 2297 mos
185 2234 244 2296 cet.

145 2346 193 2412 Ex
212 2368 273 2432 qua
286 2343 465 2412 coniectura
487 2335 627 2436 ἀζήμιος
647 2344 709 2411 h.l.
727 2345 844 2414 dictum
868 2349 1030 2420 osteadem
1043 2349 1242 2436 significandi

103 2467 273 2550 potestate,
316 2483 377 2547 qun
411 2461 473 2527 hoc
507 2461 694 2528 adiectivum
734 2462 877 2530 adhibuit
912 2463 1080 2552 Sophocles
1124 2467 1242 2531 Electa.

103 2603 143 2645 vs.
169 2581 267 2644 1102.
292 2577 392 2643 Verbo
417 2599 483 2642 esse
506 2576 652 2643 videntur
675 2579 891 2646 nesciocuius
914 2580 951 2645 ad
976 2581 1119 2647 Perseum
1133 2581 1242 2646 scisci·

101 2700 232 2774 tantem,
261 2693 339 2781 quid
365 2694 558 2759 Andromeda
582 2694 782 2780 deliquisset,
800 2702 837 2761 ul
859 2703 923 2762 tom
945 2697 1066 2763 modale·
1086 2698 1242 2783 supplicio

102 2813 252 2878 τιν’νὶθκι
264 2811 331 2877 auis
350 2813 530 2898 afficeretur.
556 2811 596 2875 In
617 2810 811 2898 corrigendis
835 2835 878 2878 vs.
904 2815 923 2879 2
948 2817 979 2878 et
999 2815 1157 2881 dseoutus
1173 2836 1240 2879 sum

103 2927 227 2994 eliorum
252 2927 444 3014 suspiciones
468 2925 632 2992 admodum
656 2926 841 3014 probabiles.

145 3303 245 3370 Miror
263 3301 406 3368 homines
430 3300 554 3378 doctos,
575 3322 669 3388 quum
690 3301 728 3367 ad
739 3301 960 3370 illustrandum
974 3304 1065 3371 breve
1077 3305 1241 3395 Sophoclis

103 3419 305 3508 fragmentum
330 3439 368 3482 ex
392 3420 541 3484 Oenomao
564 3440 609 3503 up.
635 3417 750 3498 Athen,
773 3417 823 3486 IX
847 3443 876 3506 p.
899 3424 963 3486 410
989 3443 1032 3486 τι

259 3537 260 3542 ’
298 3529 450 3598 Σκυθιστὶ
460 3521 693 3620 χειρόμακτρον
714 3514 1006 3623 ἐκκεκαρμένος.

103 3649 238 3736 apposite
267 3645 396 3711 laudent
433 3644 567 3734 glossam
603 3645 772 3730 Hesychii:
816 3645 968 3714 Σκυθιστὶ
989 3636 1241 3736 χειρόμακτρρν·

103 3763 133 3830 οἱ
145 3757 263 3830 Σκύθαι
275 3760 340 3826 τῶν
350 3756 599 3844 λαμβανομένων
611 3756 642 3824 ἓν
657 3757 814 3842 πολέμοις
826 3749 1013 3848 ἀνθρώπων
1021 3753 1081 3834 τοὶς
1094 3750 1243 3848 romaldo

102 3873 293 3964 ἐκθὲροντες,
322 3878 391 3947 τοῖς
411 3869 567 3962 δέρμασιν
591 3863 661 3938 οἷντὶ
683 3863 926 3961 χειρομόκτρων
950 3869 1106 3960 ἐχρῶντο,
1129 3871 1240 3952 miror,
1297 3873 1299 3880 ’

101 3991 243 4076 inquam,
266 4010 317 4052 eos
330 4009 391 4051 non
405 3986 496 4052 simul
508 3986 582 4052 inde
594 3985 742 4073 Sophocli
755 3986 942 4062 reddidisse,
966 3985 1049 4071 quod
1062 3987 1240 4076 scripserat:

309 4099 459 4168 Σκυθιστὶ
478 4093 712 4190 χειρόμακτρον
733 4097 1028 4189 ἐκθεόαρμένος.

146 4217 285 4282 Notatur
301 4216 383 4282 enim
395 4215 455 4282 hoc
468 4239 575 4288 versu,
597 4216 680 4302 qnod
693 4220 776 4282 recte
786 4217 846 4281 iam
863 4213 901 4279 ab
913 4212 983 4279 aliis
996 4213 1239 4282 animadversum

103 4337 167 4410 est,
190 4333 342 4399 Oenomai
360 4332 527 4400 crudelitas
549 4333 676 4412 ineos,
699 4354 777 4418 quos
800 4329 1011 4418 Hippodamia
1034 4351 1127 4396 cursu
1150 4352 1240 4418 supe·

103 4454 206 4515 nasset.
