2990 5156
836 469 880 528 84

337 635 356 694 2
396 631 446 696 Fr.
480 632 633 700 XXVIII
666 635 758 712 ἕλεος
788 633 850 727 yoip
882 639 975 707 πέλει
1004 643 1062 731 τῆς
1093 635 1254 733 α’ληθεῖας
1285 636 1420 735 φθόνος.

291 745 418 811 Frustra
430 748 544 835 Wagn.
556 751 686 837 corrigit
708 752 802 819 πέλει
822 746 905 842 μόιη
923 777 992 821 nam
1010 779 1115 823 versus
1138 764 1185 824 est
1196 759 1306 847 procul
1328 758 1421 825 dubio

289 859 447 947 politicus.
468 863 518 929 Ad
534 864 614 929 idem
636 888 735 952 genus
754 870 851 935 refero
868 893 986 936 vernum
1000 895 1046 959 ep.
1062 873 1161 939 Mioh.
1184 878 1310 963 Apost,
1334 897 1420 960 quem

289 981 435 1042 memoret
458 978 508 1042 W.
533 979 591 1045 sub
606 980 712 1047 XXV:
735 977 882 1069 γιναικδς
903 976 986 1072 αιῖδὴ
1008 975 1152 1064 θάνατος
1172 986 1356 1078 νεωτέροις.

334 1097 353 1157 3
381 1094 432 1158 rr.
466 1093 617 1160 XXXIV
646 1087 767 1170 ιἱκαναῖς
796 1087 931 1177 βιώσεις
960 1098 1172 1185 γηροβοσκεῖν
1201 1092 1279 1176 τούς
1310 1107 1421 1188 μενεῖς.

287 1209 384 1273 Ηιιιια
424 1215 525 1273 tamen
562 1232 681 1276 versum
714 1211 893 1275 διιδῖλιιιιῖει
924 1213 1058 1298 recepit,
1093 1214 1207 1300 quippe
1229 1215 1284 1299 qui
1311 1218 1422 1281 canoni

285 1324 479 1389 Porsoniono
512 1325 698 1390 adversetur.
741 1324 956 1392 Dubiiandum
993 1349 1055 1391 non
1095 1334 1175 1405 erat3
1217 1350 1288 1394 nem
1332 1332 1421 1396 etiam

283 1429 418 1520 βιώσεις
439 1461 495 1526 pro
521 1431 638 1522 βιιδσει
660 1441 794 1506 recentis
817 1442 927 1506 aetatis
950 1447 997 1508 est
1019 1443 1182 1507 indicium.

329 1561 351 1616 4
375 1554 425 1618 rr.
450 1555 563 1620 XLIV
589 1546 690 1643 φύσει
712 1550 774 1644 γάρ
803 1549 924 1643 ἐχθρόν
944 1548 983 1622 τδ
1006 1555 1122 1621 δοῦλον
1142 1560 1214 1631 τοῖς
1233 1549 1422 1634 δεσπόταις.

284 1669 413 1736 Frustra
439 1675 571 1734 metrum
596 1671 784 1758 corrigitur,
806 1689 877 1732 nem
899 1673 947 1732 est
970 1691 1013 1733 vs.
1040 1669 1199 1756 politicus.

330 1793 349 1851 5
362 1785 464 1850 XLV.
475 1785 599 1872 χρυσοῦ
618 1783 830 1856 λαλοῦντος
848 1779 916 1856 πᾶς
931 1779 1137 1872 δπρακτείτω
1149 1783 1186 1868 (l.
1198 1789 1304 1872 -ται)
1317 1777 1422 1873 λόγος,

470 1897 598 1963 πείθειν
617 1889 678 1982 peip
701 1890 771 1962 οἶδε
792 1892 845 1958 καὶ
866 1892 996 1983 πέφυκε
1014 1887 1059 1983 μὴ
1079 1895 1191 1984 λέγειν.

328 2014 450 2078 Recens
477 2033 582 2076 aevum
610 2009 715 2097 prodit
734 2007 842 2076 λαλεῖν
867 2030 923 2093 pro
946 2006 1049 2094 λέγειν
1077 2021 1260 2100 usurpatum
1291 2019 1324 2078 et
1356 2037 1422 2079 sen-

285 2128 385 2192 tentio
408 2129 536 2214 pessime
559 2131 707 2211 concepte
731 2123 838 2188 verbis.

334 2247 363 2307 6.
388 2242 547 2328 sequioris
571 2240 636 2304 aevi
660 2245 815 2326 poetastro
839 2238 943 2302 tribuo
968 2225 1074 2305 versus
1098 2263 1146 2328 ap.
1173 2249 1256 2308 auct.
1287 2266 1422 2332 compar.

287 2359 371 2425 Men.
403 2364 434 2424 et
464 2356 547 2424 Phil.
579 2378 609 2443 p.
639 2356 723 2431 351,
749 2355 781 2418 in
805 2352 920 2438 quibus
942 2355 1145 2421 emendandis
1172 2358 1240 2424 soil.
1264 2358 1371 2425 oleum
1394 2365 1422 2424 et
1481 2339 1482 2352 ό

286 2496 406 2562 operam
430 2473 565 2561 perdunt
588 2469 648 2536 viri
672 2468 775 2535 docti:

441 2579 461 2652 δ
482 2585 535 2651 δεῖ
552 2586 676 2649 παθεῖν
699 2604 737 2648 σε
757 2581 909 2670 μηδαμοῦ
931 2578 1058 2671 σκέψῃ
1081 2590 1236 2673 φυγεῖν,

439 2689 479 2764 οδ
497 2691 558 2784 ydp
581 2686 702 2785 δυνήσῃ
723 2689 899 2782 φεύγειν,
924 2686 945 2761 ὅ
965 2713 1008 2758 σε
1029 2695 1093 2761 δεῖ
1111 2700 1284 2778 παθεῖν,

439 2803 477 2874 τδ
499 2805 714 2896 πεπρωμένον
736 2799 797 2895 yoip
820 2799 859 2871 od
878 2798 976 2888 μόνον
997 2810 1131 2895 βρατοῖς

440 2908 604 3006 ἄφευκτόν
623 2915 727 2999 ἐστιν,
749 2910 832 2983 dito?
853 2916 908 2982 καῖ
926 2910 992 2984 τόν
1012 2911 1185 3007 οὐρανόν.

330 3034 481 3100 Diduotis
504 3032 604 3097 literis
628 3032 825 3119 significavi,
855 3053 933 3116 quae
966 3053 982 3094 e
1014 3038 1114 3098 vetere
1140 3040 1229 3120 poete
1254 3033 1302 3098 vel
1335 3033 1422 3098 valde

286 3151 434 3216 mediocri
453 3149 590 3238 profecta
621 3169 685 3212 esre
716 3153 882 3232 nequeunt.
912 3146 1072 3212 Praeterea
1100 3150 1186 3215 vs.3
1209 3147 1345 3215 elumbis
1368 3155 1421 3215 est.
1478 3175 1479 3202 ι

331 3388 464 3452 Versum
488 3407 534 3472 ap.
557 3387 658 3452 Οιιιιιι.
682 3385 741 3448 An.
766 3379 823 3448 Gr.
847 3383 944 3446 Ox.I
967 3405 996 3468 p.
1019 3386 1081 3462 83,
1106 3385 1158 3448 30.

492 3489 577 3566 Ἀλλ’
595 3487 763 3581 αῖντόμεθα
783 3486 871 3583 πρός
890 3488 995 3582 Ζηνός
1014 3487 1186 3578 Ὀλυμπίου

286 3614 541 3682 θαῖιιιεὶδενιῖιιιιι
561 3608 753 3696 rescripsit
743 3631 777 3674 ιιι
801 3606 884 3672 huno
907 3608 1048 3674 ιιιοδιιιιι·

494 3718 575 3788 Ἀλλ’
594 3714 785 3804 ἀντόμεσθα
803 3714 890 3808 πρὸς
910 3714 990 3796 Aede
1009 3713 1225 3806 ταδλιιμπῖοιι.

286 3866 335 3908 me
358 3841 462 3907 iudioe
484 3860 591 3927 parum
615 3834 835 3922 probabiliter,
859 3836 932 3921 quia
951 3836 1106 3920 quomodo
1129 3826 1235 3910 Διός
1225 3860 1259 3902 ιιι
1275 3837 1420 3903 rariorem

289 3959 450 4042 minusque
479 3962 583 4020 notam
616 3951 752 4016 librariis
782 3951 911 4015 formam
934 3948 1018 4014 obire
1040 3952 1195 4037 potuerit,
1217 3975 1281 4018 nou
1306 3953 1421 4040 perspi·

289 4074 378 4137 citur.
402 4074 474 4159 Ipse
496 4066 658 4134 dochmios
681 4065 776 4131 latere
798 4071 874 4151 puto
897 4065 943 4129 oio
966 4066 1190 4131 restituendos:

957 4168 1027 4242 αλλ’

495 4285 650 4376 ἀντόμεθ’
671 4278 699 4353 oi
719 4309 758 4353 σε
778 4283 864 4377 πρός
884 4281 987 4375 Ζηνός
1009 4281 1192 4373 Ὀλυμπίαν.

774 4423 929 4436 ..nunna-
