2964 5160
804 455 867 521 172

261 625 303 694 δι’
324 625 446 694 ἑαυτῶν
466 617 551 711 εἶχον
570 620 652 710 μετα
671 620 790 694 τούτου
810 625 849 696 τό
870 621 1103 719 βουλευτήριον
1123 630 1175 696 καὶ
1196 621 1319 699 τούτων
1333 635 1390 698 τῶν

260 739 365 806 κακῶν
387 737 470 806 εἰσὶν
489 740 598 805 αἴτιοι.
622 740 744 807 Gollata
756 743 775 827 t
786 745 848 825 40,
864 744 956 810 facile
969 744 1178 832 deprehendar
1195 746 1227 810 in
1246 751 1388 813 ΟΙΠΕΡ-

260 857 381 920 EIECI
396 853 624 920 delitescentem
641 878 741 921 veram
762 860 946 947 scripturam
965 858 1188 942 OfflEPrQ
1210 859 1314 944 itaque
1332 859 1389 923 De·
1470 855 1471 862 '

258 967 411 1033 mostheni
428 969 615 1036 reddendum
636 979 699 1039 est:
722 970 778 1037 κατ’
795 997 880 1050 τινες
902 967 1010 1054 ἄλλοι,
1033 965 1071 1037 o‘l
1091 968 1238 1060 πέρυσι
1259 963 1302 1038 δι’
1321 971 1390 1040 ioc-

257 1082 321 1145 τῶν
341 1075 427 1164 εἶχον
445 1076 529 1164 μεταλ
548 1080 667 1152 τούτου
686 1079 725 1152 cd
754 1077 994 1175 βουλευτήριον.
1023 1088 1116 1152 Gerto
1152 1088 1232 1151 enim
1257 1085 1390 1173 exemplo
1471 1139 1472 1154 r

259 1197 363 1262 doceri
385 1195 493 1275 velim,
525 1198 559 1263 id
583 1200 665 1286 qnod
685 1206 810 1266 anctore
840 1203 1042 1289 grammatico
1077 1204 1109 1266 in
1140 1202 1259 1266 Anecd.
1294 1201 1391 1266 Bekk.

258 1333 288 1398 p.
302 1313 364 1376 188
382 1310 577 1398 perhibetur,
600 1310 668 1378 ἐκεῖ
689 1315 770 1403 apud
789 1317 971 1402 scriptorem
987 1316 1082 1404 probe
1092 1317 1235 1384 Atticum
1256 1315 1390 1382 adhiberi

258 1447 348 1513 posse
370 1448 425 1512 pro
444 1418 528 1493 τότε.

303 1545 318 1626 §
342 1542 404 1606 51:
426 1539 481 1606 καὶ
500 1539 615 1628 μηδεὶς
633 1532 891 1626 ὑπολαμβανέτω
913 1563 955 1625 με
973 1540 1076 1627 λέγειν
1097 1534 1143 1616 ῶς
1163 1539 1202 1608 ού
1229 1543 1311 1632 χρῆν
1331 1541 1393 1609 εἰσ-

258 1645 414 1740 πράττειν
432 1646 510 1728 τοιλς
529 1645 733 1741 ὀφείλοντας.
756 1654 849 1742 Χρῆν
871 1646 943 1741 γὰρ.
966 1645 1048 1730 ῶλλολ
1070 1653 1163 1738 πῶς;
1192 1647 1238 1729 ῶς
1259 1646 1278 1721 ὁ
1300 1644 1396 1737 νόμος

258 1757 397 1847 relatrice,
427 1766 501 1831 τῶν
528 1757 656 1830 ἄλλων
685 1766 816 1832 ἕνεκα·
846 1767 943 1832 τοῦτο
973 1756 1035 1854 γάρ
1067 1763 1117 1846 ἐςι
1147 1761 1331 1854 δημοτικόν.
1363 1770 1394 1834 si

260 1903 329 1945 cnm
349 1879 398 1944 his
420 1879 589 1945 contuleris
612 1884 627 1965 §
650 1880 691 1946 50
717 1879 800 1945 init:
833 1871 890 1946 εἶτ’
912 1872 994 1960 ἔχων
1012 1866 1150 1952 τούτους
1170 1872 1262 1960 (τούς
1283 1878 1396 1948 ἕνδεκα
1474 1904 1475 1910 ’

259 1995 340 2082 scil.)
364 1984 438 2080 ἦγεν
459 1991 515 2058 ἐπὶ
527 1985 587 2068 τας
606 1993 671 2058 τῶν
690 1992 834 2058 πολιτῶν
855 1988 961 2066 οἰκίας
978 1995 1039 2077 ett
1060 1992 1102 2057 52
1120 1997 1215 2057 extr.:
1234 1993 1290 2081 τῆν
1313 1990 1397 2060 ἰδίαν

259 2106 363 2174 οἰκίαν
381 2097 484 2191 indeq)
506 2097 728 2193 δεσμωτήριον
747 2103 888 2191 καθίςη,
919 2097 999 2179 τούς
1020 2104 1131 2171 ἕνδεκα
1152 2101 1239 2191 ἄγων
1260 2107 1320 2175 ἐπὶ
1340 2105 1396 2182 τας

259 2219 380 2302 οἰκίας,
410 2221 541 2286 fortasse
563 2219 639 2284 mihi
665 2219 843 2284 assentieris
867 2219 1060 2304 suspicanti:
1091 2211 1138 2294 ῶς
1168 2215 1186 2285 ὁ
1217 2211 1320 2303 νόμος
1346 2241 1395 2284 κε-

258 2323 363 2413 λεύει,
396 2325 487 2399 ἄνευ
509 2333 583 2399 τῶν
602 2332 750 2400 ἕνδεκα.
786 2333 869 2398 Vide
900 2341 1001 2398 tamen
1038 2333 1213 2400 Dobraeum
1247 2335 1281 2398 in
1317 2332 1395 2398 Adv.

258 2471 287 2534 p.
303 2449 380 2526 469,
403 2449 457 2533 qui
471 2469 511 2512 ex
533 2449 790 2534 interpretatione
812 2449 963 2536 Ulpiani:
987 2439 1151 2514 ἀδυνάτων
1172 2446 1227 2513 καὶ
1246 2439 1396 2532 πενήτων

258 2563 337 2628 male
366 2564 550 2630 concludere
581 2564 657 2630 mihi
682 2565 806 2630 videtur
825 2587 893 2631 eum
915 2564 1029 2652 legisse
1051 2562 1116 2626 τῶν
1140 2560 1277 2627 πολλῶν.
1313 2561 1395 2625 Utut

258 2685 316 2758 est,
336 2703 371 2744 ea
385 2679 480 2745 lectio
497 2680 579 2745 nihil
602 2679 748 2768 vulgatae
770 2686 946 2767 praestaret.
976 2682 1048 2745 Imo
1070 2677 1161 2765 plane
1186 2675 1345 2740 insulsum
1366 2679 1395 2739 ct
1476 2749 1477 2758 ρ

257 2817 481 2882 supervacuum
511 2802 559 2862 eat
588 2796 691 2862 dicere
715 2798 869 2882 populare
901 2797 938 2862 id
969 2818 1055 2873 aare,
1091 2794 1171 2880 quod
1191 2791 1394 2876 ρλανλοιοιονο

254 2914 352 2995 gratio
371 2915 444 2997 fiat.

302 3027 385 3109 §52
409 3048 478 3090 oum
503 3049 528 3090 s.
548 3027 753 3092 omittendum
778 3027 901 3093 videtur
924 3015 1061 3092 πῶποτε
1084 3027 1153 3106 post
1175 3011 1269 3086 πότε.

302 3142 320 3225 t
337 3145 400 3205 68:
424 3135 454 3202 εἰ
475 3133 537 3228 γαρ
559 3131 747 3229 ἀνθρώπων
768 3128 1118 3226 πόλις-ῶμολογεῖτ’
1138 3127 1235 3212 εἶναι,
1265 3129 1332 3199 οὐκ
1353 3123 1396 3195 ἂν

256 3241 447 3342 ῶόἔνδρες
475 3243 641 3341 Ἀθηναῖοι
665 3248 725 3328 τοὶς
751 3246 865 3342 ὕβρεις
890 3246 1072 3343 ἠνέσχεσθε
1092 3243 1152 3322 τας
1173 3237 1302 3313 τούτου.
1336 3248 1396 3311 Le·

255 3367 403 3453 gendum:
425 3358 506 3432 οὐδ’
527 3358 571 3430 ῶν
591 3358 657 3448 ῶς,
680 3355 825 3454 ῶνδρες
845 3357 1026 3454 Ἀθηναῖοι,
1052 3354 1396 3434 περιπεσούσας

255 3473 312 3546 κῶκ
335 3473 461 3548 δούλοιν
478 3471 680 3555 α’ποκαλῶν,
706 3480 813 3545 addita
835 3480 1063 3566 praepositione
1090 3468 1169 3545 ἀπό.

299 3819 420 3884 Addam
446 3841 558 3907 paucae
581 3819 791 3886 miscellaneae
820 3820 1051 3887 observationes
1078 3821 1112 3884 in
1138 3818 1393 3893 Demosthenem,

255 3935 355 4000 sicubi
390 3935 465 4020 quid
499 3941 670 4001 memoratu
699 3936 830 4024 dignum
861 3937 894 4000 in
925 3937 1064 4023 margine
1097 3934 1265 4012 editionis,
1299 3955 1392 4018 quem

255 4050 396 4115 menibus
431 4058 516 4130 tero,
551 4051 763 4116 Bekkerianae
794 4053 876 4117 inter
907 4052 1070 4140 legendum
1099 4072 1188 4115 anre
1208 4049 1391 4113 adnotatum

256 4167 386 4254 reperio,
408 4167 492 4253 quod
517 4168 653 4232 virorum
679 4167 840 4233 doctorum
876 4167 977 4232 adhuc
1013 4167 1208 4254 diligentiam
1246 4164 1392 4250 effugisse

258 4281 409 4347 videatur.

304 4397 424 4482 Olpntd.
447 4397 464 4462 I
489 4400 506 4482 d
531 4401 589 4464 20:
613 4394 665 4460 καὶ
687 4394 779 4479 μίαν
805 4389 951 4476 σύνταξιν
983 4387 1061 4462 εἶναι
1093 4391 1164 4482 [τήν
1189 4383 1299 4479 αὐτὴν]
1334 4396 1391 4456 τοῦ
