2964 5160
624 462 685 523 105

83 651 149 694 non
170 627 323 715 intelligo.
350 627 486 694 Videant
510 631 567 696 riri
590 632 696 713 docti,
725 657 763 700 an
789 657 894 703 versus
914 639 1038 705 inutilis
1064 641 1219 728 Aeschylo

83 742 313 810 abiudicundus
341 744 390 808 sit.

130 860 187 924 Vs.
199 861 241 926 95
255 879 336 943 sqq.:
359 850 420 942 s'yui
442 850 472 923 δ’
492 848 553 946 ὑφ’
572 854 660 945 ὑμῶν
682 853 741 929 ὧδ’
760 861 1006 956 ἀπητιμασμένη

356 959 500 1035 όλλοισιν
519 967 551 1035 ἐν
571 977 742 1060 νεκροῖσιν,
765 967 814 1041 ῶν
831 974 891 1061 μὲν
912 971 1039 1045 ἔκτανον

355 1071 482 1155 όνειδος
504 1078 536 1146 ἐν
556 1085 729 1170 φθιτοῖσιν
751 1077 810 1153 ιόκ
830 1085 1072 1172 ἐκλείπεται,

356 1189 502 1280 αἰσχρῶς
521 1183 552 1258 δ’
571 1183 707 1280 ῶλῶμαι.
849 1282 851 1286 .

77 1307 247 1374 Soloecnm
292 1309 339 1370 est
374 1298 557 1371 ἐκλείπεται
590 1329 646 1394 pro
688 1305 829 1377 ἐκλείπει
870 1314 1025 1400 positum,
1070 1320 1101 1381 et
1142 1317 1220 1383 mule

76 1423 226 1509 iungitur
256 1420 290 1485 in
332 1417 434 1483 eadem
468 1421 623 1486 sententia
656 1424 749 1489 tertis
781 1446 909 1510 persona
943 1451 1011 1494 oum
1036 1431 1142 1518 primu.
1178 1434 1216 1497 In

75 1534 265 1601 ἐκλείπεται
289 1534 384 1600 lutere
407 1533 548 1619 suspicor
570 1532 767 1621 ἐκνίπτομαι.
796 1541 859 1606 Pro
882 1531 935 1624 ῶν,
962 1545 1044 1629 quod
1065 1569 1103 1610 ex
1123 1548 1219 1632 Tyrr-

77 1649 165 1713 witti
185 1649 363 1714 coniectura
389 1651 526 1737 reposui,
553 1650 624 1716 libri
649 1651 764 1718 hebent
782 1647 837 1729 ῶς.
860 1659 1005 1746 Cogitavi
1036 1682 1158 1748 quoqne
1181 1663 1218 1728 de

74 1763 151 1828 loco
176 1764 222 1828 sic
242 1764 477 1830 constituendo:
501 1757 647 1830 ἰῖλλοισιν
667 1763 699 1831 ἐν
719 1773 877 1858 νεκροῖσιν
902 1762 961 1850 (ῶς
992 1767 1054 1858 yolo
1091 1770 1220 1843 ἔκτανον

75 1867 206 1951 όνειδος
227 1875 259 1942 ἐν
280 1881 453 1966 φθιτοῖσιν
476 1899 533 1942 οοκ
553 1873 747 1962 ἐκνίπτεται)
769 1878 915 1970 αἰσχρῶς
934 1877 1072 1970 ιίλῶμαι.

126 1981 370 2077 Vs.110sq.:o‘
392 1985 420 2056 δ’
439 1979 594 2068 ἐξαλύξας
614 1989 740 2072 οἴχεται
760 1994 881 2080 νεβροῦ
903 1993 1011 2084 δίκην,

337 2101 405 2178 ,καί
426 2101 551 2166 ταῦτα
570 2091 706 2190 κούφως
725 2101 759 2168 ἐκ
777 2103 887 2188 μέσων
907 2097 1096 2197 ιίρκοςύτων

352 2205 514 2300 ῶρονσεν,
535 2203 611 2294 ύμῖν
631 2208 877 2305 ἐγκατιλλώψας
896 2217 988 2305 μέγα.

123 2330 158 2394 Si
181 2325 234 2392 καί
257 2326 359 2391 ταῦτα
380 2348 489 2392 sunum
510 2330 607 2404 esset,
641 2325 725 2392 hund
748 2330 841 2396 dubie
860 2333 946 2418 sequi
968 2333 1124 2401 debuisset
1146 2357 1216 2422 pnr-

72 2443 224 2528 ticipium
247 2431 399 2528 όρσόσας.
422 2442 621 2528 scripserim:
644 2434 843 2534 solucione
864 2436 999 2535 κούφως
1018 2445 1081 2514 κεῖ.

125 2557 359 2641 Vs.193sqq.:
445 2554 576 2629 λέοντος
595 2545 713 2644 ἄντρον
733 2549 1039 2647 αἱματορρόφου

323 2665 420 2734 οἰκεῖν
440 2659 594 2741 τοιαύτας
614 2657 715 2747 εἰκός,
738 2659 777 2732 ον’
796 2668 987 2758 χρηςηρίοις

320 2777 351 2846 ἐν
372 2780 489 2846 τοῖσδε
510 2777 721 2866 πλησίοισι
741 2777 919 2867 τρίβεσθαι
937 2772 1049 2866 μύσος.

70 2893 222 2960 Fortasse
240 2894 274 2958 in
298 2893 447 2958 librorum
465 2893 620 2979 scripturn
641 2895 1047 2963 ΤΟΙΣΔΕΠΛΗΣΙΟΙΣΙ
1059 2895 1215 2970 delitescit

74 3012 473 3086 ΤΟΙΣΛΕΝΑΙΣΙΟΙΣΙ,
513 3006 774 3091 scribendumque
814 3002 846 3070 ἐν
872 3003 976 3073 τοῖσδ’
999 3005 1214 3076 ἐναισῖοισι

71 3123 146 3186 sive
168 3117 372 3205 ἐναισίμοισι.
404 3123 513 3188 Minus
536 3129 642 3210 aptum
667 3129 698 3187 et
721 3123 783 3186 fere
809 3121 943 3186 otiosum
966 3121 1090 3187 videtur
1111 3123 1214 3189 πλου-

72 3234 199 3314 σιὀισι,
234 3235 317 3320 qnod
340 3237 496 3302 Puuwio
487 3260 546 3303 rum
572 3239 606 3302 in
630 3241 762 3302 mentem
785 3236 906 3300 venisse
928 3243 1032 3302 monet
1018 3236 1213 3302 tBlomfiel·

73 3350 166 3427 dius,
186 3351 241 3436 qni
262 3352 343 3417 frust
330 3357 379 3417 tra
406 3360 511 3420 tuetur
538 3354 704 3441 vulgatum.

123 3465 179 3530 Vs
203 3468 286 3532 220:
338 3460 460 3552 ἐγῶιί,
482 3459 553 3554 ἄγει
573 3491 635 3555 γαρ
659 3459 740 3549 αἷμα
760 3467 923 3554 μητρῷον,
946 3465 1038 3541 δίκας

335 3577 465 3662 μέτειμι
485 3571 578 3645 τόνδε
601 3579 718 3668 φῶτα
737 3569 1032 3667 κιῖκκσνηγίτης.

72 3692 317 3779 Repraesentuvi
337 3692 456 3759 codicis
477 3693 560 3757 Med.
589 3692 790 3778 scripturum,
822 3691 904 3756 unde
928 3693 1021 3780 vulgo
1043 3693 1211 3779 repositum

72 3813 122 3873 est
143 3829 178 3888 μ.
200 3827 228 3870 τ.
252 3806 352 3895 φῶτα
373 3799 607 3894 κάκκυνηγετῶ,
628 3809 662 3872 in
687 3830 747 3893 qua
770 3805 912 3886 lectione,
935 3813 971 3872 nt
994 3807 1211 3887 allatarum,

72 3920 199 3989 offendo
225 3920 258 3984 in
290 3926 426 4006 tempore
462 3922 623 3988 Praesenti
638 3913 867 4011 κόκκονηγετῶ,
892 3924 994 4008 posito
1022 3921 1055 3989 ἐκ
1084 3923 1211 4011 παραλ.

73 4029 176 4126 λὴλοσ
200 4047 270 4100 curn
300 4037 419 4101 Iluturo
446 4033 583 4120 μείειμι.
618 4041 800 4126 Sequuntur
830 4061 953 4125 quoqne
982 4039 1115 4104 Futura:
1148 4029 1210 4123 ἐγῶ

73 4142 103 4215 δ’
127 4141 235 4236 ἀρήξω
255 4141 311 4216 τόν
333 4146 438 4239 ἱκέτην
458 4175 495 4216 τε
516 4143 666 4242 ῥύσομαι.
688 4153 862 4239 Aeschylo,
881 4159 917 4220 ut
935 4155 1058 4241 opinor,
1078 4175 1140 4218 non
1160 4155 1210 4218 in·
1269 4143 1274 4150 ”

75 4263 206 4350 dignum
238 4263 347 4328 fuerit:
387 4261 515 4349 μέτειμι
546 4257 640 4332 τόνδε
670 4267 811 4356 φοινία
841 4268 1054 4357 κυνηγέτις.
1094 4268 1209 4334 Eodem

73 4376 213 4462 epitheto
229 4376 365 4444 'ornatur
386 4378 492 4465 Scylla
516 4379 653 4468 Choeph.
678 4387 752 4450 605.
