2964 5160
334 608 388 674 Va.
414 609 519 676 13³6:
753 602 897 700 μάκαρες
916 609 1088 698 Πριάμου·

555 722 789 812 ’θεοτίμητος
810 721 839 790 δ’
858 719 962 791 οἴκαδ’
982 719 1090 793 ἱκάνει

286 838 493 903 Numerorom
516 838 596 904 ratio
621 836 777 924 postulare
810 838 949 905 videtur:

555 940 743 1033 θεότιμος
762 943 793 1017 δ’
815 945 920 1018 οἴκαδ’
939 944 1048 1022 ἱκάνει.

231 1147 234 1152 Δ
329 1061 384 1128 Vs.
398 1064 497 1129 1347:
514 1056 596 1131 ἀλλὰ
618 1053 844 1148 κοινωσώμεθ’
862 1055 1011 1141 ἅνπως
1039 1058 1175 1156 ἀσφαλῆ
1198 1059 1405 1158 βσιιλενματα.

283 1177 438 1267 Vulgata,
469 1200 547 1264 quae
578 1177 706 1244 debetur
736 1177 916 1242 Hermanno
945 1201 1001 1266 pro
1032 1180 1182 1247 librorum
1213 1183 1348 1253 lootione
1375 1180 1406 1256 ἂν

280 1314 374 1372 πως,
404 1293 457 1359 vix
474 1293 777 1372 minusaoloeca,me
799 1293 912 1373 iudice,
936 1300 983 1359 eat
1005 1316 1097 1379 qoam
1119 1296 1188 1363 illa.
1210 1300 1405 1390 scripserim:

281 1398 313 1471 ἅ.
334 1431 378 1488 κ.,
391 1403 559 1497 νᾶνδρες,
581 1404 715 1496 ἀσφαλῆ
733 1403 796 1472 κτὲ.

325 1521 380 1590 Vs.
394 1521 498 1588 less:
519 1509 758 1586 οὕτω-πεσών
769 1525 823 1586 aut
838 1521 963 1609 spurius
978 1527 1041 1602 est,
1063 1528 1118 1589 unt
1132 1525 1271 1613 graviter
1286 1550 1405 1616 corrup-

279 1643 340 1704 tus.
354 1636 513 1703 Vocabola
525 1641 607 1702 certe
617 1633 727 1720 θυμόν
736 1625 883 1723 ὁρμαίνει
894 1635 1071 1725 significare
1082 1661 1144 1706 non
1167 1664 1256 1728 posse
1278 1646 1407 1710 οιινκιοιι

280 1755 424 1839 καμίνοισι
446 1753 497 1838 (nt
520 1753 676 1837 vertunt),
712 1751 764 1815 vix
788 1754 835 1814 est
870 1752 954 1838 quod
988 1775 1137 1822 moneam.
1168 1759 1343 1823 Offensioni
1366 1765 1406 1825 est

279 1890 370 1956 porro
406 1867 591 1957 languidum
626 1864 711 1932 istud
746 1857 857 1934 αὐτοῦ.
885 1867 990 1956 Magis
1014 1875 1115 1936 autem
1143 1871 1262 1937 inclino
1289 1875 1403 1940 ineam

278 1989 413 2071 partem,
436 1993 473 2050 ut
496 2005 619 2049 versum
642 2003 901 2067 supervacaneum
924 1984 1081 2072 Aeschylo
1105 1986 1288 2054 abiudicem.

322 2100 378 2165 Vs.
392 2103 477 2166 1421
490 2121 556 2184 sqq.
567 2097 763 2164 scribendum
776 2103 807 2162 et
818 2097 1100 2186 interpungendum
1113 2102 1145 2166 in
1163 2102 1248 2169 hunc
1266 2105 1401 2171 modum:
1462 2075 1463 2130 λ

782 2207 880 2296 Λέγω
901 2210 1014 2278 ὄεσσι

429 2314 551 2391 τοιαῦτ’
572 2313 730 2406 (α’πειλεῒν
751 2314 797 2395 ώς
816 2324 1159 2414 παρεσκευασμένη

429 2433 543 2503 ἐκτῶν
564 2425 718 2518 ὁμολων)·
741 2431 827 2521 χειρὶ
848 2424 1003 2522 νικήσαντ’
1024 2433 1105 2519 ἐμοῦ

428 2537 553 2638 ι’νρχειν·
573 2540 628 2614 εὀνν
642 2543 679 2613 δὲ
696 2535 879 2627 τοῦμπαλιν
900 2538 1020 2636 κράνη
1041 2543 1139 2632 θεός,

427 2649 543 2748 γνώσει
562 2656 734 2742 διδαχθεὶς
752 2649 821 2745 ὀψὲ
841 2657 918 2743 γοῦν
937 2652 977 2725 ui
1000 2663 1192 2749 σωφρονεῖν.

318 2773 424 2863 Vulgo
459 2767 764 2859 παρεσκευασμένης
797 2775 828 2836 et
857 2769 980 2860 κραίνη.
1014 2773 1222 2861 Distinguunt
1255 2776 1399 2844 editores:
1461 2823 1462 2864 ι

272 2880 395 2956 τοιαῦτ’
425 2882 581 2966 ἀπειλεῖν,
597 2875 811 2972 ώς-ώρχειν·
833 2885 946 2971 absque
968 2911 1070 2953 sensu.

318 3001 373 3066 Vs.
398 3000 501 3065 1447:
829 2997 901 3081 ἐμοὶ
920 2991 1104 3090 δ’ἐπὴγανεν

470 3103 581 3199 ειλνῆς
611 3099 843 3197 παροψώνημα
874 3113 930 3199 τῆς
958 3112 1037 3201 ἐμῆς
1065 3113 1185 3204 χλιδῆς.

272 3229 415 3294 Fortasse
439 3216 577 3296 εὔνοος
598 3225 759 3302 carmon,
794 3224 970 3310 quodcum
1007 3228 1114 3293 uuerbe
1149 3231 1248 3296 ironia
1283 3232 1396 3298 dictum

271 3343 448 3430 accipiatur.

316 3457 370 3524 Vs.
391 3460 493 3523 14⁷9:
515 3453 549 3522 ἐκ
565 3453 625 3520 τοῦ
643 3449 703 3541 γὰρ
727 3448 810 3540 ἔρως
834 3451 1064 3539 αἱματολοιχὸς

517 3567 639 3656 νελρει
658 3562 825 3654 τρέφεται.

269 3687 409 3775 Scaliger
422 3684 461 3750 ci.
482 3678 619 3761 νελκει,
636 3679 674 3744 ad
690 3701 815 3744 sensum
831 3679 954 3766 optime.
973 3682 1049 3746 Non
1066 3681 1155 3748 valdo
1171 3683 1328 3750 diversum
1344 3691 1396 3762 est,
1460 3679 1461 3722 t

268 3803 429 3891 quodipse
449 3796 568 3865 conieci
591 3785 708 3882 δῆρει
729 3795 750 3858 i.
773 3817 797 3859 e.
820 3798 1012 3861 contentione
1034 3795 1072 3861 ol.
1102 3799 1183 3876 9423
1205 3799 1297 3884 idque
1314 3824 1396 3888 prae·

268 3919 408 3993 tulerim,
430 3915 504 4001 qnia
526 3909 667 4000 ignotius
690 3909 801 3974 scribis
825 3909 1010 3977 vocabulum
1032 3912 1158 3980 facilins
1182 3919 1396 4004 corrumpitur.

311 4252 593 4317 Oroannouanum
631 4264 674 4305 vs.
708 4242 769 4304 19:
804 4227 936 4317 ώΖεῦ,
962 4231 1021 4315 δός
1041 4264 1085 4324 με
1113 4241 1274 4310 τίσασθαι
1297 4239 1395 4329 μόρον

228 4363 232 4371 “
266 4353 411 4450 πατρός,
431 4361 523 4446 γενοῦ
545 4356 581 4424 δέ
599 4346 768 4446 σύμμαχος
782 4349 909 4417 θέλων
930 4347 1026 4434 ἐμοί.
