2964 5160
808 432 873 496 170

273 595 401 672 άνιιθεν
422 595 586 693 ἄρχεσθαι
613 607 700 693 δοκῇ.
731 607 896 694 Leguntur
922 627 1030 692 nempe
1064 603 1176 690 haeop
1203 609 1265 683 78,
1295 606 1394 692 paucis

272 719 416 800 mutatis;
439 719 521 785 unde
538 719 610 786 olim
643 720 682 785 ad
705 718 920 787 illustrandam
944 719 1133 786 locutionem
1167 711 1297 786 άνοιδεν
1327 718 1356 784 h.
1376 719 1395 784 l.

271 834 305 897 in
325 835 462 922 margine
484 835 658 922 adscripta,
672 858 760 914 mox,
785 837 830 901 uti
847 837 896 914 fit,
918 838 1017 902 textui
1032 859 1064 902 se
1080 837 1253 902 insinuasse
1265 835 1397 922 putanda

274 956 357 1014 sunt.
379 949 481 1016 Aliter
494 951 652 1016 Dobraeus
665 953 743 1017 Adv.
761 955 799 1029 Ι,
826 958 904 1040 part.
924 955 944 1019 2
969 975 1037 1040 pug.
1059 953 1132 1018 464.
1157 951 1354 1016 Dindcrfium
1368 951 1397 1014 in

271 1064 407 1130 editione
429 1067 619 1144 Oxouiensi,
652 1073 805 1154 praeterea
839 1067 989 1134 vocabula
1015 1059 1143 1131 άνωθεν
1162 1061 1199 1131 δέ
1220 1066 1399 1152 expunxisse

271 1180 373 1260 video;
398 1180 509 1246 dubito
532 1205 605 1247 num
632 1188 715 1248 recte
737 1184 859 1263 lecerit3
885 1185 930 1249 ita
946 1184 1027 1249 enim
1047 1179 1296 1270 interpolationis
1316 1182 1399 1268 origo

271 1297 331 1362 erit
356 1295 525 1362 obscurior.

317 1414 431 1496 §1712
454 1400 620 1498 άμεῖςγάρ
633 1404 1068 1502 -ἐχειροτονὴσατενοῦσον
1079 1449 1116 1462 -
1133 1408 1329 1499 ἵππαρχον,
1341 1401 1403 1498 (ἐφ’
1470 1425 1471 1432 ’

273 1524 413 1600 ἵππον)
435 1515 592 1607 ὀχεῖσθαι
620 1519 753 1599 (ἰδίου)
775 1517 842 1590 διά
862 1525 921 1609 τῆς
941 1517 1064 1610 ἀγορᾶς
1086 1522 1141 1602 (ἐν)
1162 1526 1236 1597 ταῖς
1256 1525 1404 1607 πομπαῖς

274 1629 315 1704 ον’
335 1628 509 1719 δυνάμενον
529 1632 593 1701 καί.
615 1636 716 1702 Uncis
738 1638 860 1704 inclusa
884 1638 1008 1713 addidi,
1042 1659 1120 1723 quae
1151 1635 1305 1702 excidisse
1340 1659 1404 1702 sus·
1471 1673 1472 1716 p

273 1751 370 1837 picor‚
393 1749 430 1815 ol.
456 1752 474 1835 p
497 1752 561 1816 174
581 1756 676 1818 extu:
705 1749 882 1840 ἱππαρχῶν
905 1750 1029 1831 τοίνυν,
1062 1749 1096 1817 τί
1121 1750 1238 1815 οἵεσδε
1265 1740 1404 1830 stilla·
1472 1756 1473 1846 l

272 1860 396 1930 ἵππον
416 1855 474 1928 oda
502 1852 676 1952 ίιόλμησεν
696 1856 715 1931 ὁ
736 1856 890 1952 λαμπράς
920 1862 975 1930 καὶ
1005 1853 1164 1938 πλούσιος
1193 1852 1288 1936 οὗτος
1309 1859 1406 1950 πρία-

274 1980 376 2057 σθαι,
398 1966 470 2041 αλλ’
490 1968 548 2042 ἐπ’
566 1969 780 2064 α’λλοτρίοο
800 1969 859 2051 σάς
889 1970 1027 2060 πομπάς
1056 1969 1186 2062 ἡγεῖτο,
1217 1975 1278 2040 τοῦ
1312 1973 1406 2040 Φιλο-

272 2077 379 2174 μήλου
397 2089 457 2154 τοῦ
475 2087 660 2166 Παιανιέως
680 2089 806 2169 ἵππου,
827 2111 918 2175 quem
940 2089 1043 2156 locum
1064 2089 1230 2175 adscripsi,
1260 2094 1299 2154 ut
1334 2086 1405 2152 mihi

274 2201 452 2288 persuadeo,
475 2203 711 2270 emendatiorem
729 2227 821 2290 quem
844 2206 938 2294 vulgo
962 2207 1074 2272 editur.
1097 2205 1154 2270 Est
1177 2205 1258 2269 enim
1281 2203 1407 2291 vulgate
1473 2203 1474 2220 ¹

274 2315 369 2381 lectio
384 2315 474 2382 haec:
490 2313 667 2403 ἱππαρχῶν
685 2317 805 2399 τοίνυν,
827 2318 862 2386 τί
882 2321 999 2386 otacus
1018 2310 1157 2400 σάλλα,·
1178 2309 1258 2382 ἄλλ’
1274 2313 1406 2394 ἵππον,

274 2426 402 2496 ἵππον
423 2425 480 2498 ονἰι
500 2428 583 2508 νινε,
604 2452 696 2514 quam
720 2431 885 2499 lectionem
898 2433 1017 2520 duplici
1031 2430 1240 2519 dittographia
1262 2430 1407 2516 deprava·
1474 2461 1475 2502 n

274 2550 337 2609 tum
361 2567 427 2610 esse
448 2567 536 2611 nemo
560 2548 696 2612 monitus
716 2570 778 2613 non
803 2549 898 2616 videt.

320 2660 338 2744 δ
365 2662 427 2724 179
455 2660 501 2725 sic
524 2659 611 2748 lego:
627 2659 667 2745 ,εί
684 2653 1139 2751 κατελάμβανον,<άνδριιπε,
1158 2657 1259 2741 δίαν,
1282 2657 1348 2725 καί
1368 2651 1408 2744 μή

272 2776 343 2847 τοῖς
353 2763 567 2861 κηρύγμασιν,
592 2767 637 2850 ὠς
658 2765 698 2841 σά
710 2797 751 2854 με
774 2763 861 2863 φής,
885 2763 1086 2860 ἐπειθόμην,
1111 2769 1199 2846 τίνος
1223 2765 1256 2836 ἔκ
1276 2773 1343 2836 τῶν
1361 2761 1408 2837 νό-

229 2963 230 2970 *
273 2907 343 2967 μων
364 2879 396 2950 εἶ
415 2878 461 2950 σι)
481 2875 594 2973 κάριος
620 2883 684 2951 καλ
711 2878 729 2952 ὁ
753 2877 863 2974 dippum
883 2875 1000 2966 metn-
1030 2886 1091 2950 Pro
1119 2882 1149 2951 εἰ
1170 2885 1279 2972 scripsi
1305 2882 1362 2950 καί
1382 2891 1408 2947 et

275 2987 315 3062 σι’
348 2998 466 3064 inserui
498 3005 570 3064 ante
600 2990 730 3088 κύριος,
760 3005 926 3084 utrumque
960 3000 998 3066 de
1029 3002 1214 3066 coniectura.
1250 3001 1409 3067 Praeterea

274 3115 380 3178 nescio
404 3137 507 3182 annon
525 3118 643 3182 rectius
665 3114 849 3181 scriberetur
863 3110 881 3180 :'
903 3105 925 3197 ἢ
954 3109 973 3179 ὁ
1003 3105 1113 3203 δίρχων
1133 3105 1242 3189 ανίάς.

321 3230 339 3312 d
365 3233 446 3295 185:
469 3227 523 3297 καί
547 3224 625 3305 τούς
645 3230 705 3312 μὲν
735 3219 889 3311 nudipede
913 3222 990 3302 τούς
1011 3224 1048 3292 δὲ
1069 3217 1269 3312 καθάρμαια
1286 3217 1368 3300 τούς
1386 3215 1412 3289 δ’

276 3338 386 3408 οὐδὲν
407 3335 646 3426 ὑπολαμβάνων
669 3330 758 3406 εἶναι.
780 3340 893 3406 Verior
907 3341 1002 3406 lectio
1023 3347 1143 3406 servata
1169 3341 1187 3423 d
1213 3340 1297 3417 199,
1334 3337 1412 3403 unde

276 3455 372 3535 haec,
396 3459 422 3522 si
446 3457 585 3524 nondum
612 3457 729 3522 lactum
754 3462 814 3533 est,
838 3456 1044 3544 corrigantur.

771 3663 916 3681 ——n

319 3807 462 3870 Oonrnn
485 3806 766 3869 Aursrocuurun.

320 3921 461 3986 Alterum
485 3923 714 4006 Argumentum
744 3920 790 3984 sic
824 3917 955 4004 incipit:
987 3905 1027 3982 ‘H
1046 3906 1169 3998 Εὔβοια
1203 3912 1287 3997 [μία]
1319 3913 1411 4001 νῆσος

276 4033 339 4103 καί.
362 4035 583 4123 Dittographia
607 4031 667 4114 μία
690 4042 796 4100 netum
821 4057 886 4100 esse
904 4038 980 4119 puto
1003 4052 1044 4095 ex
1065 4030 1153 4108 βοια.

323 4153 407 4237 §25
427 4156 508 4215 extr.
537 4149 710 4236 τηνικαῦτα
738 4143 800 4236 γάρ
834 4138 969 4227 εὐσεβὲς
1000 4136 1063 4231 ἤδη
1095 4129 1243 4217 κολάζειν
1270 4127 1410 4214 [εἰδόσιν]

278 4256 368 4331 εἶναι.
400 4267 465 4338 Qui
484 4265 595 4353 legerit
618 4263 853 4352 praecedentia,
887 4283 955 4326 eum
984 4281 1040 4325 cur
1063 4253 1263 4341 expunxerim
1295 4239 1411 4314 εἰδόσιν

278 4380 374 4447 latere
400 4383 519 4467 nequit.
