2964 5160
612 451 671 514 15⁷

85 723 212 810 πομπάς
232 732 368 795 ποιεῖν.
392 728 582 816 Corrigerem
604 731 744 815 πέμπειν
767 743 815 808 vel
835 749 1023 826 ποιεῖσθαι,
1048 749 1108 814 nisi
1130 749 1205 816 haee

84 842 165 906 verba
183 850 270 908 vetus
296 841 450 908 scholium
473 847 580 932 potius
608 873 698 936 quam
724 854 926 942 Thucydideo
949 883 1014 926 erse
1036 869 1183 948 putarem.

123 957 192 1044 Cap.
226 961 266 1022 61
302 958 319 1040 o
347 958 463 1025 lextr.
486 967 556 1047 post
588 966 751 1036 vocabula:
783 964 867 1057 μετά
885 974 944 1039 τοῦ
976 967 1078 1042 αὐτοῦ
1106 968 1205 1063 λόγου

84 1093 176 1136 eorum
200 1073 523 1158 interpretamentum:
553 1076 606 1143 καῖ
637 1081 695 1169 τῆς
725 1082 929 1168 ξυνωμοσίας
959 1084 1015 1152 ἐπὶ
1044 1081 1206 1178 τῷδήμῳ

84 1187 234 1252 delendum
259 1193 321 1264 est,
344 1189 460 1274 scripto
487 1191 598 1257 deinde
628 1183 692 1258 ὐπ’
720 1192 843 1262 ἐκεῖνον
873 1189 978 1264 ἐδόκει
1008 1202 1207 1288 πραχθῆναι.

83 1304 186 1368 Paucis
197 1301 400 1388 interpositis,
413 1303 494 1392 lege:
515 1300 604 1393 προς
623 1299 789 1382 Βοιωτούς
810 1299 1031 1396 πράσσοντες,
1053 1319 1207 1400 expuncta

83 1418 182 1483 vocula
213 1442 262 1495 τι,
283 1438 361 1500 quae
388 1419 541 1506 originem
572 1419 661 1486 debet
684 1423 822 1505 sequenti
847 1420 952 1489 literae
974 1444 1000 1486 π
1032 1425 1065 1488 in
1099 1417 1207 1514 πράσ-

83 1553 192 1608 σοντες.
215 1531 294 1596 Mox
316 1530 401 1618 lege:
425 1532 479 1600 καλ
498 1555 605 1608 τινες
628 1535 696 1622 (pro
718 1541 800 1625 τινα)
825 1535 902 1619 μίαν
917 1527 1014 1602 νάκτα
1033 1535 1096 1604 net.

120 1648 190 1732 Cap.
204 1646 248 1710 68
262 1647 332 1711 init.
358 1644 413 1712 ἐπὶ
433 1641 500 1712 τόν
520 1640 640 1715 αάτόν
661 1641 777 1736 άνολνα.
802 1653 901 1738 Lego:
930 1647 986 1715 ἐπὶ
1015 1650 1207 1717 τοιοῦτον

84 1756 186 1845 ἅηοῖνα.
211 1761 259 1826 Ib.
283 1763 301 1845 S
326 1763 345 1825 2
367 1781 443 1824 vers.
467 1760 557 1826 finem
581 1761 648 1848 lege
670 1758 785 1853 ὥσπερ
806 1757 908 1854 ἡμᾶς,
932 1775 1086 1850 expuncto
1108 1763 1172 1830 καῖ.

118 1877 189 1961 Cap.
215 1881 258 1941 72
281 1876 351 1938 init.
375 1875 498 1939 inverso
520 1877 628 1942 ordine
647 1878 767 1945 malim:
791 1875 824 1952 ἐς
844 1868 991 1966 Κατάνην
1010 1875 1063 1940 καὶ
1086 1866 1205 1954 Νάξον.

118 1991 191 2078 Cep.
215 1996 258 2056 80
285 1993 303 2075 S
326 1989 514 2055 3init.dele
538 1987 570 2056 οἱ
592 1987 787 2079 Συρακόσιοι
809 2000 840 2058 et
861 2016 931 2058 mox
954 1989 1073 2055 scribe:
1096 1985 1126 2054 εἰ
1143 1986 1208 2051 καῖ

80 2097 118 2190 μη
139 2103 317 2190 πείσομεν,
350 2105 466 2172 inserto
496 2103 559 2172 κατ’.
592 2109 655 2194 §4
682 2109 816 2201 emendo?
835 2100 1022 2198 τιμήσονται
1055 2126 1110 2190 pro
1135 2103 1207 2170 Fut.

81 2214 156 2282 Pass.
178 2207 428 2304 τιμηθήσοιιαι.
1140 2207 1143 2217 .

118 2333 190 2420 Gap.
215 2332 259 2396 87
284 2332 302 2415 S
325 2335 345 2395 2
369 2339 446 2400 extr.
469 2327 527 2400 οὐκ
547 2327 677 2424 άκλητοι
699 2333 979 2428 [παρακληθέντες
998 2331 1049 2417 δὲ]
1070 2323 1165 2420 ἥκειν.

120 2449 249 2536 Capua
270 2446 349 2510 med.
370 2440 427 2535 τήν
448 2443 520 2512 οὐκ
540 2436 641 2515 οὖσαν
662 2441 865 2518 ἀνακτᾶσθαι
886 2447 1078 2532 dicineqnit.
1102 2444 1209 2508 Scribe
1327 2499 1333 2508 .

80 2553 195 2627 οὐκέτ’
217 2547 326 2624 οὖσαν.

120 2675 191 2760 Cap.
229 2677 269 2736 96
307 2671 493 2738 vocabulum
530 2673 673 2740 ultimum
703 2673 988 2763 παραγίγνωνται
1014 2674 1151 2736 mutetur
1173 2669 1207 2731 in

79 2786 359 2872 παραγίγνοιντο.

120 2899 193 2985 Cap.
218 2903 258 2964 97
279 2897 356 2962 med.
380 2901 519 2987 corrigo:
541 2890 586 2974 ὠς
608 2897 721 2975 ἕκαςος
743 2889 863 2984 τάχους
884 2890 994 2983 εἶχον
1013 2919 1068 2985 pro
1091 2888 1166 2981 εἶχε.

119 3014 230 3080 Lunna
253 3013 330 3077 VII.

122 3127 198 3216 Cap
226 3133 266 3194 15
292 3127 369 3192 med.
393 3121 449 3195 διά
470 3119 593 3215 [νόσον]
614 3132 769 3217 νεφρῖτιν.

120 3244 194 3331 Cap.
221 3247 276 3309 17:
300 3241 353 3308 καλ
374 3238 408 3306 ἐκ
429 3241 488 3328 τῆς
508 3232 609 3328 ἄλλης
630 3234 885 3328 Πελοποννήσου
907 3237 939 3306 οῖ
958 3229 1212 3318 Λακεδαιμόνιοι

78 3361 123 3444 aqi
146 3349 239 3441 αὐτῷ
259 3346 376 3444 τρόπῳ
398 3350 629 3440 [πέμψαντες]

122 3475 197 3558 Cep.
222 3472 263 3535 27
299 3471 370 3553 §Q
405 3457 487 3530 ὅθεν
507 3455 613 3554 ἦλθον
634 3463 683 3556 [ἐς
705 3455 848 3553 Θρᾴκην]
877 3460 1095 3546 ἀποπέμπειν.
1135 3463 1213 3527 Mox

81 3589 96 3671 p
113 3591 133 3654 3
150 3586 261 3652 Attico
278 3604 363 3648 more
375 3579 567 3666 scripserim:
591 3577 644 3642 καῖ
665 3576 697 3644 ἐν
717 3581 787 3652 τοῖς
815 3567 955 3663 πρώτη
978 3599 1032 3663 pro
1057 3566 1212 3663 πράτοις,

122 3704 197 3788 Cap.
221 3702 262 3768 36
288 3699 360 3783 §32
380 3691 435 3759 καὶ
455 3686 511 3779 τήν
533 3691 565 3757 ἐν
584 3690 633 3776 τῷ
652 3682 782 3776 μεγάλῳ
805 3689 908 3770 λιμένι
928 3688 1121 3773 ναυμαχίαν,
1156 3679 1214 3754 oria

81 3814 116 3880 ἐν
158 3812 295 3896 πολλῷ
334 3806 472 3880 πολλοῖς
501 3801 613 3869 ναυσὶν
645 3791 761 3883 οὖσαν,
794 3795 881 3889 πρός
911 3802 1034 3868 ἐαυτσῖν
1064 3795 1213 3866 ἔσεσθαι.

81 3929 254 3994 Scholiasta
276 3927 513 4012 interpretatur:
546 3909 602 3980 οὐκ
634 3910 667 3980 ἐν
695 3913 823 3999 πολλοὶ]
855 3903 1028 4000 διαςὴματι
1058 3902 1213 4002 δηλονότι.

83 4045 167 4116 Quin
196 4045 388 4129 reponimus,
420 4026 478 4099 oria
499 4030 535 4096 ἐν
554 4028 658 4113 καλοῖ
678 4027 817 4111 πολλοῖς
839 4024 901 4091 κτὲ.
925 4028 945 4090 i.
969 4049 993 4090 e.
1019 4027 1050 4089 in
1072 4027 1135 4089 ioco
1155 4048 1214 4089 non

82 4161 189 4224 νἰῖοοεο
206 4131 333 4244 magnae
354 4150 478 4218 navium
499 4144 719 4212 multitudini?
745 4141 913 4226 Sequentia
936 4143 953 4226 p
971 4143 992 4205 4
1014 4141 1133 4205 duobus
1157 4142 1215 4204 im·

84 4274 315 4358 portunissimis
338 4266 496 4334 liberanda
520 4269 593 4328 sunt
613 4259 897 4346 interpretamentis
919 4255 1080 4324 διεκπλεῖν
1103 4262 1134 4320 et
1151 4246 1216 4332 ὥςε

84 4381 127 4472 μή
148 4386 329 4474 περιπλεῖν.
351 4385 398 4448 Of.
421 4379 524 4466 Schol.
