2990 5156
612 455 653 516 83

482 722 685 788 CAPUT
730 720 784 786 VL

392 960 631 1005 anonumum(
655 959 871 1005 FRAGMENTA.

112 1409 258 1497 Apollod.
282 1413 320 1488 3,
352 1414 386 1482 1.
418 1414 453 1474 4:
476 1397 512 1498 ἦν
534 1401 602 1474 δ’ὁ
625 1399 841 1497 λαβύρινθος,
864 1397 901 1472 όν
922 1404 1088 1484 Δαίδαλος
1107 1429 1199 1474 κοινε-

76 1514 224 1589 σκεύασι·

220 1634 340 1721 οἴκημα
361 1637 505 1720 καμπαῖς
526 1622 749 1708 πολυπλόκοις
768 1629 923 1698 πλανῶν
941 1620 963 1699 ό
968 1620 1045 1699 δόν.

77 1745 171 1836 Vulgo
194 1745 324 1812 πλανῶν
342 1740 401 1834 τήν
422 1739 555 1827 ἔξοδον,
589 1745 673 1832 quod
705 1745 742 1810 de
765 1745 944 1810 coniectura
975 1765 1041 1809 mea
1074 1747 1201 1813 mutavi.

79 1861 247 1926 Meinelrius
277 1860 392 1945 primus
421 1860 532 1948 tragici
557 1860 689 1928 alicuius
714 1860 804 1925 verba
826 1859 922 1926 latere
945 1861 1120 1948 suspicatus
1143 1868 1200 1929 est.

113 2191 194 2257 Male
220 2191 395 2278 Wagnerns
418 2188 574 2274 Aeschylo
596 2189 743 2256 tribuisse
761 2189 885 2255 videtur
907 2191 1015 2278 fragm.
1035 2215 1082 2278 ap.
1102 2192 1200 2260 Mich.

76 2309 174 2393 Apost.
197 2330 228 2394 p.
253 2310 293 2372 37
319 2305 365 2372 ed.
389 2305 501 2370 wala:

212 2411 346 2502 ’Ἀκμων
365 2416 518 2505 μέγιστος
539 2411 580 2484 ου’
600 2420 757 2506 φοβεῖται
777 2413 855 2494 νοός
875 2409 1034 2508 ψόφους,

220 2529 276 2596 καὶ
294 2531 366 2610 νοῦς
388 2529 536 2621 ἐχέφρων
556 2530 666 2595 πᾶσαν
688 2527 842 2596 ἕλκουσαν
863 2529 947 2613 βίαν.
1085 2523 1087 2531 ’

112 2643 170 2710 Vel
201 2645 230 2709 si
256 2647 381 2731 propter
412 2645 558 2710 violatam
584 2666 709 2731 pansam
745 2643 965 2709 Porsonianam
993 2665 1037 2708 vs.
1061 2646 1079 2707 l
1105 2642 1200 2709 veteri

75 2760 185 2846 tragico
216 2759 275 2824 hoc
305 2761 413 2847 fragm.
437 2782 499 2825 non
524 2764 603 2824 esset
627 2759 883 2836 abiudicandum‚
907 2760 982 2823 satis
1006 2760 1115 2845 opinor
1137 2779 1200 2823 non

75 2895 184 2941 summo
221 2880 327 2960 poetae
360 2875 412 2939 sed
449 2873 568 2939 misello
599 2875 703 2940 nescio
736 2875 787 2938 oui
811 2879 981 2962 poestastro
1002 2873 1201 2939 tribuendum

75 3010 131 3054 esse
141 2997 306 3078 arguerent
325 2991 391 3078 ipsa
413 2990 515 3057 verba.
540 2992 613 3071 Cur,
642 2991 733 3069 cedo,
756 2980 866 3072 ἄκμων
895 2990 1012 3054 dieitur
1029 2987 1201 3074 udyaouogl

76 3126 124 3170 cnr
149 3103 301 3172 articulus
344 3104 470 3171 additur
504 3106 542 3170 ad
577 3097 739 3196 ψόφουςῖ
772 3128 844 3170 num
871 3105 927 3189 (vs.
962 3107 995 3190 2)
1023 3103 1077 3169 καὶ
1099 3105 1202 3190 potest

76 3219 206 3286 adhiberi
232 3242 286 3306 pro
311 3212 407 3298 οὐδὲ,
431 3223 512 3305 quod
537 3220 766 3307 proculdubio
790 3221 851 3284 loci
867 3221 1021 3286 sententia
1037 3217 1198 3306 postulat?

76 3312 199 3422 denique
232 3334 309 3421 quid
331 3339 379 3400 est
398 3333 536 3400 ἕλκουσα
555 3335 636 3418 diu?
666 3336 751 3409 Quid
782 3335 891 3402 horum
920 3358 1063 3402 versuum
1093 3337 1201 3399 auctor

77 3451 217 3530 voluerit,
248 3453 324 3515 satis
358 3456 498 3537 apparet;
530 3474 587 3517 nec
614 3452 722 3538 procul
750 3453 873 3530 absum,
910 3454 986 3537 quin
1012 3448 1201 3534 Aeschylum

76 3567 188 3633 scilicet
212 3571 351 3631 nostrum
375 3587 420 3630 vs.
446 3569 464 3630 1
490 3565 609 3632 dedisse
628 3571 741 3654 putem.

206 3672 337 3762 ’Ἀκμονν
356 3677 550 3764 μεγίστους
572 3671 613 3746 od
634 3684 788 3770 φοβεῖται
808 3675 885 3756 τούς
906 3653 1072 3771 ψόφους.Ι

114 3794 215 3859 Lubet
235 3794 264 3858 h.
286 3793 308 3857 l.
332 3792 505 3858 adscribere
527 3816 633 3859 versus
660 3794 837 3877 nonnullos,
860 3797 924 3881 qui,
948 3815 1129 3880 quamquam
1153 3814 1201 3856 re·

79 3911 248 3974 sontissima
272 3914 371 3974 aetate
394 3930 542 3994 procusos
565 3932 630 3974 esse
653 3912 747 3976 certis
764 3913 953 3998 argumentis
970 3911 1070 3974 evinci
1088 3909 1199 3998 possit,

78 4019 271 4089 nihilominus
305 4047 322 4087 a
360 4025 537 4111 Wagnero,
567 4049 674 4112 parum
706 4027 817 4092 idoneo
840 4027 950 4092 talium
975 4026 1094 4103 iudice,
1120 4026 1201 4089 inter

77 4159 288 4224 anonymorum
313 4141 503 4226 tragicorum
524 4142 673 4226 reliquias
698 4142 843 4208 collocati
869 4147 951 4206 sunt.

119 4258 145 4318 1.
161 4256 209 4320 Fr.
225 4255 347 4320 XXIII
359 4248 482 4342 γαστήρ
505 4259 626 4338 παχεῖα
649 4253 764 4324 λεπτόν
785 4249 824 4322 οὐ
844 4255 945 4322 τίκτει
966 4249 1068 4318 νόον.
1089 4256 1201 4321 Poetae

80 4367 171 4433 Attici
195 4371 226 4434 in
252 4372 379 4434 senariis
404 4375 583 4434 constanter
606 4376 740 4436 utuntur
766 4371 862 4434 forma
894 4376 1052 4434 contracta
1076 4372 1157 4436 νοῦν.
