2990 5156
627 463 669 526 45

125 636 237 704 Justin.
261 636 358 702 Mart.
379 635 416 701 de
436 635 593 700 monaroh.
606 659 634 723 p.
653 641 737 704 130:
759 638 813 706 καί
832 636 864 705 ἐν
885 630 1209 729 Βελλεροφόντῃ·

233 749 337 839 (tanto
354 771 404 825 τις
423 744 503 816 εῖναι
522 747 590 836 δῆτ’
611 748 644 816 ἐν
665 743 794 841 οιίρανιγῖ
810 741 933 835 Sento,-

231 859 286 929 οὐκ
305 860 402 944 εἰσίν,
427 854 487 929 ονίι
504 860 574 946 e‘c'n‘,
596 864 629 930 at
648 885 698 939 τις
718 853 906 952 ἀνθρώπων
923 859 1018 930 θέλει

229 968 274 1063 μή
292 975 342 1059 τῷ
358 974 491 1060 παλαιῷ
506 977 616 1064 μῶρος
634 967 679 1040 ών
693 976 840 1065 χρῆσθαι
859 965 961 1060 λόγῳ·

229 1086 405 1176 σκέψασθε
421 1079 451 1152 δ’
468 1079 551 1153 αὐτοὶ
567 1080 619 1175 μή
639 1086 695 1154 ἐπί
715 1091 785 1162 τοῖς
804 1085 895 1172 ἐμοῖς
911 1076 1021 1173 λόγοις

228 1188 354 1287 γνώμην
369 1193 506 1282 ἔχοντες.
524 1187 607 1287 φήμ’
623 1192 685 1286 ἐγώ
704 1197 877 1289 τυραννίδα
897 1194 960 1263 ant.

119 1299 250 1398 Γνώμην
275 1303 359 1393 ἔχειν
377 1307 434 1376 ἐπί
451 1334 513 1376 τινι
534 1310 616 1376 idem
639 1311 730 1389 valet,
752 1334 790 1377 ao
810 1312 837 1376 ai
860 1312 892 1375 in
915 1308 1049 1396 pedestri
1070 1311 1210 1377 oratione

82 1420 159 1488 dicas
181 1413 390 1511 trinovitano
408 1418 595 1509 προσέχειν,
617 1426 664 1492 vel
689 1420 746 1496 τὸν
765 1427 847 1506 νοῦν,
865 1426 914 1492 vel
934 1425 1018 1492 nnde
1037 1421 1211 1514 προσέχειν

81 1537 134 1603 τινί
153 1562 177 1604 ε.
195 1525 283 1622 πρός
301 1558 352 1618 τι,·
383 1557 483 1622 neque
505 1539 604 1626 igitar
622 1542 819 1630 interpretari
838 1542 931 1619 linet,
952 1547 988 1608 ut
1011 1540 1080 1606 fieri
1099 1537 1209 1603 video,

81 1673 132 1714 ιοιι
153 1653 255 1717 verbio
276 1654 356 1716 οιιῖι
373 1654 470 1738 fidem
493 1653 657 1736 tabentem·
681 1665 712 1724 et
723 1659 893 1744 requiritur
904 1657 1008 1743 ipenm
1020 1653 1209 1720 eontrarium

81 1789 161 1850 qnam
177 1768 221 1844 id,
247 1769 330 1853 qnod
353 1773 400 1833 eat
422 1769 456 1833 in
478 1769 622 1858 vulgatis,
644 1765 866 1862 μῆ-ἒχοιτες,
886 1772 1006 1837 Invitat
1033 1770 1114 1835 enim
1137 1766 1210 1832 Bel-

82 1879 266 1969 lerophontes
278 1888 482 1970 spectatores,
505 1893 550 1961 nt,
574 1887 667 1952 mima
683 1893 784 1953 vetere
806 1887 1046 1964 existimatione,
1071 1884 1208 1950 animum

80 1997 236 2064 advertant
258 1999 295 2065 ad
308 2021 352 2078 ea,
377 2021 455 2086 quae
476 2000 543 2087 ipae
566 2002 710 2070 diotnrua
733 2005 786 2068 sit.
808 2003 879 2076 Quo
902 2003 996 2081 fanto,
1019 2024 1105 2067 onam
1130 1999 1206 2065 doo-

79 2113 185 2180 trinam
208 2115 254 2179 aio
274 2115 425 2202 exponere
446 2113 577 2202 inoipit:
602 2107 685 2206 φήμ’
707 2107 769 2202 ἐγώ
788 2114 853 2182 ντί.
878 2116 966 2189 Quae
987 2115 1013 2181 ai
1036 2120 1120 2182 reete
1143 2115 1207 2181 dia·

78 2230 188 2314 putavi,
206 2228 293 2310 satie,
319 2230 420 2309 oredo,
443 2237 569 2318 apparet
593 2253 655 2297 non
680 2232 818 2296 onffioere
843 2229 952 2296 Bothii
983 2229 1206 2297 correctionem

15 2395 16 2418 χ
78 2340 249 2432 σκέψασθε
278 2338 308 2409 δ’
325 2340 419 2412 αὐτοί
458 2346 608 2435 legentis,
641 2367 735 2432 quam
769 2345 936 2413 Nanokins
965 2347 1090 2435 reoepit.
1136 2343 1207 2431 Ego

15 2431 16 2448 ί
78 2460 227 2546 suspicor:

217 2570 399 2663 Σκίψασθε
417 2569 445 2640 ιῖ
464 2563 535 2640 αὖτ’
554 2565 650 2664 ἄλλῃ,
673 2570 721 2640 ’πί
739 2577 810 2649 τοῖς
827 2573 918 2656 ἐμοῖς
930 2565 1040 2661 λόγοις

215 2675 341 2773 γνώμην
359 2680 506 2769 ἔχοντες·
529 2677 610 2776 φήμ’
629 2678 691 2772 ἐγώ
708 2683 880 2771 τυραννίδα

215 2796 348 2863 κτείνειν
364 2820 401 2864 τε
418 2797 573 2879 πλείςοος
589 2787 756 2887 ιπιγμώτων
774 2792 802 2860 τ’
822 2793 1005 2887 ώποςερεῖν.

114 3067 202 3141 Quae
224 3073 399 3153 sequnntur
420 3069 532 3135 ibidem
555 3069 646 3156 plana
669 3073 743 3134 snnt
765 3073 797 3133 et
820 3072 889 3154 apte
911 3049 1092 3134 decurrunt*
1108 3091 1204 3154 nsque

77 3181 110 3246 ad
128 3205 172 3249 va.
197 3185 255 3248 13:

223 3290 314 3382 οίμαι
336 3291 365 3365 δ’
387 3291 427 3364 tv
445 3288 549 3381 ὑμᾶς,
572 3299 604 3364 εί
620 3318 671 3372 τις
690 3289 790 3385 ἀργός
808 3287 853 3363 ών
870 3299 965 3372 θεοῖς

223 3401 351 3494 είίχοιτο
371 3408 425 3475 καί
448 3402 493 3497 μή
512 3408 600 3498 χειρί
619 3407 768 3494 σολλίγοι
782 3407 869 3491 βίον,

222 3515 269 3588 τοὶ
286 3525 384 3587 θεῖα
400 3521 620 3609 ποργοῦσιν
638 3519 679 3587 αἱ
695 3518 808 3586 κακαί
824 3541 864 3586 τε
887 3519 1101 3609 συμφοραί·

116 3633 179 3700 Alii
199 3635 260 3702 alia
284 3636 474 3713 conficiunt,
496 3654 625 3720 quornm
648 3635 839 3722 suspiciones
850 3641 1009 3701 enumerat
1030 3635 1204 3722 Wagnerua

76 3748 123 3834 (tr.
146 3753 233 3838 293).
257 3754 345 3838 Ipse,
363 3773 402 3816 ne
425 3749 538 3837 longua
561 3772 647 3828 anm,
675 3751 833 3837 auspicor:

171 3868 335 3948 μαθεῖν,
365 3857 577 3951 α’πείργειν
603 3863 640 3930 εί
663 3861 853 3930 anomoei
872 3853 1084 3952 συμφοράς

78 3975 152 4058 (soil.
163 3973 193 4040 οἱ
203 3975 307 4064 θεοί),
319 3976 432 4043 collato
447 3979 554 4064 fragm.
567 4000 603 4042 ex
616 3978 787 4064 Hippolyto
800 3980 879 4064 (449
891 3977 919 4042 b.
933 4001 978 4064 ap.
992 3977 1206 4065 Wagnernm):

192 4082 343 4157 καίτόνιῖ
357 4088 565 4179 ἀπείργειν
587 4083 687 4157 οὐδίί
707 4084 895 4178 παγκρατής
916 4088 1055 4158 σθένει

192 4194 279 4276 Ζεώς
297 4199 360 4268 not.

116 4312 246 4382 Leniore
267 4320 368 4382 tamen
393 4316 567 4383 mutatione
590 4320 620 4380 et
633 4338 725 4381 aenan
745 4317 798 4382 vix
821 4316 923 4382 minus
944 4316 1103 4383 commodo
1131 4337 1206 4381 oon·

76 4425 228 4496 iioiebam:
