2990 5156
790 469 832 528 52

321 617 324 625 ’
423 624 550 702 τοιάνδε
566 629 628 725 χρῆ
649 626 675 710 ’ς
696 640 828 722 γυναῖκα
846 628 1040 724 πρόσπολον
1059 638 1200 726 περᾶν,

250 754 286 815 ut
307 751 339 814 in
368 750 533 837 Hippolyti
556 772 600 814 vs.
624 753 705 814 645:

404 864 483 950 χρῆν
503 860 566 938 δ’ἕς
587 868 718 950 γυναῖκα
737 853 931 950 πρόσπολον
946 864 1004 950 μὲν
1023 859 1064 933 οὕ
1081 868 1195 956 περᾶν.

737 1069 889 1084 Ἥ

264 1207 349 1273 stou.
368 1208 458 1286 xer,
478 1209 505 1272 1.
526 1200 603 1296 οορ.
625 1205 725 1279 Ἰνοῖ.

446 1313 528 1401 ’Ίςω
548 1318 586 1386 δὲ
600 1321 716 1410 μηδεὶς
733 1317 839 1406 ταῦθ’,
860 1317 883 1388 ἃ
903 1326 1055 1412 σιγᾶσθαι
1075 1317 1194 1417 χρεών.

452 1434 567 1522 μικροῦ
587 1426 646 1520 γὰρ
668 1432 701 1499 ἐκ
720 1435 911 1526 λαμπτῆρος
931 1435 1049 1506 Ἰδαῖοι
1065 1438 1169 1516 λέπας
1198 1458 1200 1464 ’

453 1536 608 1632 πρήσειεν
626 1535 665 1611 ἄν
678 1567 748 1626 τις,
767 1539 836 1612 κᾶν
857 1542 943 1636 πρὸς
963 1547 1018 1616 ἕνα
1031 1551 1145 1626 ἐἴποις
1165 1549 1255 1618 πασέ.

453 1647 598 1722 πύθοιντ’
616 1649 656 1721 ὃν
671 1648 767 1723 cieret
788 1649 907 1735 πάντες
928 1653 1155 1750 {inprimere
1174 1657 1296 1752 χρεών

293 1766 348 1832 Vs.
380 1771 400 1836 3
432 1773 567 1857 corrigo:
594 1761 653 1853 χᾶν
681 1772 712 1854 (i.
737 1795 761 1836 e.
784 1771 838 1838 καὶ
855 1766 880 1840 ἃ
901 1765 952 1861 ἂν)
975 1766 1062 1863 πρὸς
1084 1766 1174 1864 ἄνδρ’
1195 1775 1292 1863 εἴπῃς
1315 1774 1385 1842 ἕνα.

248 1883 408 1950 Plutarch.-
430 1887 509 1952 Mor.
528 1911 557 1974 p.
577 1890 652 1963 507,
676 1888 702 1952 Β
727 1887 834 1954 hehet:
867 1886 921 1951 καὶ
951 1879 1038 1975 προς
1063 1876 1152 1975 ἄνδρ’
1180 1881 1280 1953 εἰπών
1309 1887 1386 1968 ἕνα,

248 2023 337 2086 quem
354 2000 516 2068 lectionem
542 2002 619 2068 mule
641 2002 736 2088 vulgo
758 2007 946 2088 receperunt.
981 2000 1036 2065 Vs.
1059 2003 1081 2065 4
1103 2000 1262 2067 Dobreeus
1282 2001 1387 2088 scrip-

249 2118 303 2180 sit:
317 2107 534 2204 οὓςκρύπτειν
543 2104 656 2204 χρεών,
665 2118 794 2182 fortusse
806 2117 1116 2206 corrigensGrueculi
1129 2115 1386 2182 additamentum.

294 2463 451 2529 Probabili
488 2465 665 2532 coniectura
692 2465 867 2533 restituisse
890 2463 965 2529 mihi
990 2465 1098 2530 videor
1121 2468 1235 2551 purtem
1258 2461 1385 2550 pulchri

249 2579 395 2643 carminis
418 2578 586 2666 dactylici,
608 2581 690 2668 quod
713 2604 730 2647 e
757 2580 952 2646 Cretensibus
967 2580 1102 2644 servavit
1126 2578 1317 2666 Porphyrius
1345 2581 1391 2644 de

248 2696 358 2762 obstin.
380 2694 447 2772 IV,
470 2719 499 2782 p.
524 2699 589 2761 172
613 2720 657 2782 sq.
681 2697 814 2784 Legitur
838 2695 920 2761 enim
944 2695 991 2759 sic
1014 2716 1058 2759 vs.
1083 2700 1101 2759 5
1127 2716 1200 2781 sqq:

505 2801 571 2896 ἥκοι
589 2807 728 2888 ζαθέους
748 2801 845 2882 ναούς
862 2797 1052 2895 rupolensis,

507 2913 565 2994 οὓς
577 2913 746 3008 αὐθιγενής
769 2923 927 3007 τμηθεῖσα
947 2911 1044 2993 δοκὸς

508 3026 660 3116 ςεγανοιλς
676 3031 813 3121 παρέχει
834 3024 964 3114 χαλύβῳ
979 3029 1108 3096 πελέκει

506 3143 560 3208 καὶ
579 3143 808 3233 οαοροδέτιρ
827 3135 924 3230 κόλλῃ
944 3135 1086 3222 κραθεῖσ’

507 3247 652 3345 ᾰιρεκεῖς
668 3248 793 3344 ἁρμούς
811 3252 1026 3341 κυπαρίσσου.

294 3368 380 3442 Quid
403 3369 447 3433 sit
462 3359 676 3454 ταορόιλειος,
699 3391 789 3434 nemo
812 3369 1013 3454 interpretum
1038 3369 1220 3456 explicavit3
1244 3392 1301 3435 nec
1323 3371 1389 3435 mi·

249 3507 333 3561 rum,
360 3505 429 3548 nam
455 3483 636 3549 vocabulum
667 3495 715 3550 est
734 3482 843 3571 procul
875 3481 970 3548 dubio
992 3489 1181 3570 corruptum.
1203 3484 1387 3565 Erotianus‚

249 3602 303 3686 qui
317 3603 404 3665 affert
416 3621 459 3664 vs.
472 3603 558 3663 4-8
571 3602 605 3664 in
619 3599 721 3667 Gloss.
733 3600 884 3686 Hippocr.
908 3621 936 3664 v,
949 3589 1118 3678 Ἀορεκεῑς,
1131 3621 1225 3684 aeque
1237 3599 1384 3664 vitiosam

250 3716 374 3781 exhibet
392 3715 554 3782 lectionem
567 3712 742 3801 ιορολέτῳ.
758 3714 908 3780 Eiusdem
921 3734 1043 3798 quoque
1053 3713 1171 3779 saurae
1181 3719 1228 3780 est
1240 3716 1384 3781 Nauokii

251 3833 429 3897 coniectura
443 3825 649 3917 ταορολὲοῳ,
677 3853 777 3917 neque
799 3828 898 3895 multo
919 3827 1027 3893 melior
1050 3829 1221 3916 Hartuugii
1244 3831 1385 3920 suspicio

249 3945 469 4028 τορνοόἐτοος.
492 3945 639 4031 Requirit
661 3935 758 4032 κόλλῃ
781 3968 869 4011 suurn
895 3943 1069 4030 epitheton,
1103 3946 1185 4031 quod
1212 3946 1266 4012 vix
1296 3948 1384 4014 eliud

250 4060 345 4124 fuerit
374 4081 462 4143 quam
499 4059 693 4148 ςερροδέτῳ.
724 4062 860 4150 Egregie
894 4061 975 4125 euim
1006 4062 1132 4144 ῃλιιίεο,
1171 4061 1285 4148 quippe
1319 4085 1385 4148 quo

252 4197 379 4260 corpora
402 4176 477 4240 dura
499 4167 552 4251 (roi
572 4171 694 4265 στερροὶ
710 4201 755 4235 =
773 4165 902 4264 στερεά)
921 4177 1169 4264 coniungantur,
1189 4172 1387 4266 ςερρόδεοος

251 4313 267 4352 a
291 4297 381 4374 poeta
403 4291 465 4355 dici
488 4291 624 4377 potuisse
648 4291 790 4356 arbitror.

740 4439 894 4450 ——-—-
