2990 5156
616 465 656 524 63

111 635 203 700 Unam
215 635 334 702 literam
348 633 510 700 deleverim
523 635 555 700 in
565 635 681 700 Perua·
688 635 862 724 fragmento
874 635 955 726 apud
968 637 1053 704 Stob.
1067 635 1161 715 VIII,
1172 643 1199 704 ⁷:

221 740 313 836 Ἀνὴρ
331 740 360 814 θ’
380 740 418 822 ός
438 739 518 815 εἶναι
534 741 620 837 φής,
643 741 786 838 οἷνὲρος
803 740 870 816 οὐκ
884 743 994 830 θξιον

222 853 329 926 δειλόν
343 859 514 948 κεκλῆσθαι
531 860 586 927 καὶ
599 865 704 928 νοσεῖν
720 855 855 950 αἰσχρόν
870 852 972 928 νόσον.

18 991 19 1070 J
119 975 199 1040 I'erri
215 974 324 1060 nequit
343 963 458 1060 ἆνερός
478 996 532 1060 pro
550 965 668 1063 α’νθρός
688 977 721 1040 in
746 976 876 1041 senario.
888 975 1088 1064 Legendum:
1107 967 1200 1066 θ’νερ,

81 1079 168 1152 σὀόκ
182 1084 261 1167 ἀξιοῖ
273 1083 336 1152 ni.
361 1088 463 1154 Verba
487 1095 561 1155 sunt
589 1091 699 1156 Inonie
722 1092 760 1156 ad
795 1093 940 1156 maritum
973 1091 1200 1157 Athamantem.

83 1204 135 1272 Qui
160 1203 257 1266 virum
284 1210 315 1267 te
336 1225 402 1268 erae
423 1205 487 1280 αιί,
508 1208 550 1270 ιιι·
571 1208 634 1282 vir,
657 1214 688 1271 te
714 1208 785 1274 nolo
808 1208 953 1290 ι’γιιονιιιιι
975 1209 1080 1272 uocari
1098 1214 1155 1272 eet.

115 1550 197 1614 snb.
216 1549 325 1628 cxx,
353 1555 391 1615 18
416 1539 493 1640 Εῠρ.
519 1550 652 1639 neree·

219 1660 270 1738 τῖς
287 1653 317 1729 θ’
333 1655 418 1729 οἶθεν
436 1659 467 1728 εἰ
487 1661 541 1751 ζῆν
559 1654 649 1729 τοῦθ’
665 1654 684 1728 ό
698 1661 845 1751 κέκλησαι
863 1666 985 1744 θανεῖν,

219 1767 258 1840 τό
276 1773 332 1863 ζῆν
351 1773 388 1840 θὲ
406 1766 550 1863 θνὴσκειν
569 1772 640 1856 ἐςι,·
662 1767 760 1862 πλὴν
780 1768 886 1856 ὅμως
903 1776 1029 1863 βρσιιόν

220 1888 367 1952 νοσοῦσιν
387 1885 420 1952 οἱ
440 1884 634 1968 βλέποντες,
657 1878 732 1954 οἷδ’
747 1878 907 1961 ὀλιωλόιες

220 1994 312 2064 οὐθὲν
327 1999 477 2064 νοσοῦσιν
494 1990 572 2064 οὐδὲ
587 1995 750 2085 κέκτηνται
765 1988 859 2064 κακά.

113 2111 270 2176 Voeabnle
301 2103 385 2201 πλὴν
413 2104 503 2194 ὅμως
535 2113 721 2178 sententiam
753 2112 898 2180 turbant:
938 2108 1087 2176 inchoant
1116 2111 1197 2177 enim

77 2223 271 2293 obiectionem
295 2231 403 2293 eontra
418 2227 630 2313 praeeedentia
651 2224 808 2311 σῖς-ἐςι,·
830 2227 961 2293 Dixerat
983 2232 1084 2292 autem
1105 2228 1199 2293 Euri·

77 2345 166 2428 pides,
202 2343 286 2428 quud
317 2343 393 2407 bene
423 2343 608 2421 tenendum,
645 2344 740 2408 vitam
763 2365 829 2410 esee
854 2333 999 2430 θνήσκειν
1031 2343 1052 2407 i.
1079 2363 1106 2406 e.
1125 2365 1199 2428 per-

73 2468 207 2543 petuum,
238 2464 275 2524 ut
294 2460 339 2524 ita
358 2458 475 2534 dicam,
495 2459 648 2522 moriendi
667 2459 814 2535 θοίοιιιιι,
837 2479 899 2522 non
923 2460 1029 2522 θανεῖν
1046 2479 1070 2520 ε.
1088 2461 1199 2544 τεθνη-

75 2571 150 2640 κέναι
179 2575 201 2638 i.
240 2597 263 2638 e.
290 2575 389 2658 ι’ριοιιι
412 2579 543 2638 mortem.
578 2573 710 2638 Minime
742 2574 841 2660 igitur
883 2571 963 2636 hane
995 2569 1096 2634 thesin
1130 2573 1198 2658 ipse

76 2687 248 2776 impugnare
277 2689 380 2774 potuit
403 2688 551 2754 dicendo:
569 2680 647 2762 σούς
669 2683 850 2767 βλέποντας
868 2690 972 2750 νοσεῖν
998 2685 1019 2749 i.
1046 2709 1070 2748 e.
1094 2708 1197 2769 οιριο-

76 2811 134 2868 ιοιι
155 2807 257 2879 vivos,
280 2803 529 2889 quandoquidem
556 2802 589 2868 id
613 2802 716 2888 ipsum
739 2805 955 2887 argumentum
978 2800 1055 2865 facit
1070 2822 1125 2887 pro
1148 2802 1197 2878 iis,

75 2939 142 3001 quae
173 2921 293 3007 posuit;
321 2942 384 2984 non
415 2924 532 2984 eontra.
562 2919 711 3005 Suspicor
743 2922 841 2981 autem
866 2925 973 3002 poetae
996 2937 1118 2980 manum
1151 2917 1197 2980 sie

75 3054 154 3117 posse
176 3035 320 3113 restitui,
344 3036 370 3099 ai
394 3033 548 3122 legumus:

219 3146 271 3223 τῖς
286 3139 316 3214 θ’
334 3141 419 3214 οἶδεν
437 3145 467 3213 εἰ
480 3146 537 3235 ζῆν
551 3137 641 3214 τοῦθ’
657 3139 676 3212 ό
691 3143 838 3233 κέκληται
859 3147 973 3225 θανεῖν,

220 3254 258 3326 ιό
279 3259 337 3348 ζῆν
355 3258 393 3326 δὲ
413 3257 557 3348 θνήσκειν
572 3251 643 3341 ἐς’;
665 3255 752 3324 ἐπεὶ
771 3249 884 3340 μόνοι
902 3256 1031 3345 θροσών

219 3373 370 3438 νοσοῦσιν
391 3371 424 3439 οἱ
443 3369 619 3455 βλέποντες
639 3369 702 3437 unt.

116 3735 199 3800 Stob.
223 3735 306 3801 Flor.
326 3733 438 3800 LXVI
463 3737 493 3800 2.
517 3725 594 3822 Εόρ.
615 3729 860 3822 Χρυσίππῳ·

222 3839 356 3936 γνώμη
377 3839 506 3935 σοφός
525 3870 594 3932 μοι
613 3844 666 3910 καὶ
686 3835 755 3931 χέρ’
775 3835 924 3933 όνθρεῖαν
944 3837 1060 3925 ἔχειν·

223 3951 417 4048 δύσμορφος
437 3959 506 4048 εἴην
525 3957 648 4043 μᾶλλον
667 3950 687 4045 ἢ
707 3948 805 4030 καλός
824 3945 928 4029 κακός.

115 4073 277 4161 Ingeniose
290 4074 422 4139 Nauck:
434 4062 560 4159 γνώμης
580 4061 747 4158 σόφισμα,
767 4091 829 4154 qua
845 4067 1056 4134 emendatione
1071 4072 1201 4154 recepte,

79 4187 188 4255 scribo:

222 4294 374 4390 γνώμης
394 4293 582 4390 σόφισμα
601 4299 654 4365 καὶ
675 4293 743 4388 χέρ’
763 4290 912 4386 ώνθρείαν
932 4291 1028 4381 ἔχων

224 4410 415 4503 θόσμορφος
437 4413 499 4480 uni.
