2990 5156
609 450 650 516 81

113 621 163 688 Sic
194 618 315 686 demum
339 625 421 688 rests
442 622 592 689 Stobaeus
612 622 686 690 huic
704 625 881 714 fragmento
899 625 1005 694 lusum
1024 627 1196 718 assignavit

77 734 127 800 sub
145 734 252 801 titulo:
276 738 352 800 ΟΤΙ
376 741 649 805 ΚΑΛΛΙΣΤΟΝ
668 743 699 805 Γ
695 743 835 807 ΑΜΟΣ.

113 1177 194 1244 sub.
218 1179 281 1254 LI,
303 1181 346 1246 23
371 1176 633 1259 Σωσιθέουέξ
656 1171 812 1250 Ἀθλίου·

270 1286 327 1368 Εἷς
348 1290 487 1376 μυρίους
506 1281 645 1380 όρνιδας
667 1283 762 1366 ἀετός
783 1294 885 1374 σοβεῖ,

267 1403 356 1470 λαῶν
376 1425 413 1468 τε
434 1403 574 1469 δειλῶν
594 1403 725 1492 πλῆθος
745 1391 790 1468 εὖ
811 1401 982 1494 τραφείς
1003 1396 1091 1493 ἀνήρ.

112 1517 276 1604 Oppositio
296 1516 423 1582 suadere
447 1517 586 1595 videtur,
609 1522 644 1582 ut
668 1518 865 1584 Susmuuuu
888 1515 1012 1583 dedisse
1033 1523 1197 1606 putamus:

262 1630 348 1696 λαιόν
369 1652 405 1696 τε
425 1629 541 1697 δειλῶν
560 1631 690 1718 πλῆθος
711 1622 891 1718 εὐθαρσῆ
896 1652 914 1705 ς
931 1622 1021 1720 ἀνήρ.

111 1745 273 1810 Diversum
296 1765 360 1809 usae
384 1744 536 1810 rationem
559 1743 619 1808 loci
635 1743 797 1830 Euripidsi
814 1743 884 1830 Iph.
901 1745 993 1810 Taua.
1010 1769 1054 1812 vs.
1071 1743 1136 1814 304
1152 1769 1198 1834 sq.

218 1851 306 1946 πρός
327 1855 538 1944 εὐτραφεῖς
557 1849 618 1946 γοίρ
640 1855 695 1922 καί
715 1853 841 1931 νεανίας
861 1854 973 1937 ξένους

219 1961 368 2059 φαύλους
388 1958 557 2054 μόχεσθαι
577 1957 757 2050 βουκόλους
775 1958 962 2056 ἡγούμεθα,

79 2083 151 2148 uadit
173 2084 209 2150 in
234 2083 350 2150 oculos.
381 2084 433 2150 Ibi
464 2084 548 2150 enim
579 2083 617 2149 du
646 2083 783 2170 corporis
814 2083 940 2170 vigore,
963 2082 1016 2148 hio
1041 2084 1078 2150 de
1100 2086 1199 2150 animi

75 2198 229 2266 alacritate
252 2221 351 2264 sermo
374 2204 431 2264 est.
462 2197 562 2266 simul
585 2197 773 2264 mouendum
796 2199 829 2262 in
852 2221 910 2262 usu
928 2198 1024 2263 fuisse
1045 2200 1201 2268 adiectiva

75 2304 210 2402 όταρβής
248 2319 281 2380 et
315 2302 499 2402 εὐθαρσὴς,
540 2336 605 2380 nou
636 2335 708 2379 vero
738 2314 860 2380 ratione
888 2314 1010 2380 inversa
1040 2305 1202 2405 εόταρβὴς

74 2448 163 2514 nuque
190 2418 355 2518 ἀθαρσής.
384 2428 454 2494 Ηοο
478 2433 601 2514 tantum
624 2429 785 2495 invenitur
814 2428 897 2514 apud
919 2430 1089 2516 aequiores,
1120 2427 1201 2495 illud

20 2585 22 2604 ι
75 2563 228 2630 nusquam.

560 2751 707 2762 ——nun

112 2890 227 2958 Athen.
250 2891 301 2970 X,
337 2913 368 2976 p.
398 2895 463 2956 420
496 2891 532 2955 Β.
564 2881 785 2979 Λυκόφρων
815 2884 832 2956 ὁ
862 2882 1044 2966 Χαλκιδεός
1065 2879 1202 2979 γράψας
1319 2889 1322 2898 ’

75 2996 230 3094 σατύρους
250 3003 504 3092 Μενέδημον·

531 3107 614 3181 aaut
634 3112 774 3181 κυλίκιον

184 3266 187 3272 1
264 3221 385 3318 ὑδαρὲς
405 3220 424 3295 ό
445 3235 526 3302 παῖς
546 3227 682 3317 περιῆγε
703 3225 763 3292 τοῦ
784 3217 994 3308 πεντωβόλου

267 3333 418 3428 α’τρέμα
437 3330 669 3427 παρεξεςηκός.
692 3335 755 3404 aas.

114 3455 251 3522 Vertunt
283 3456 378 3520 nvini
405 3455 510 3542 vapidi
528 3455 771 3540 propemodum
798 3456 829 3516 at
849 3451 910 3518 hou
932 3475 1023 3518 sensu
1049 3454 1202 3518 Graecum

75 3577 131 3647 est,
151 3569 236 3659 quod
258 3570 342 3636 haud
364 3571 456 3636 dubie
471 3576 578 3656 poetae
598 3568 800 3634 reddendum:
824 3565 950 3655 ἠρέμα
971 3555 1203 3653 παρεξεςηκός.

75 3687 191 3774 Oppoui
221 3685 323 3750 soient
346 3675 503 3774 σφόδρα,
525 3681 711 3764 παντελῶς,
736 3682 859 3748 similia.
882 3683 1061 3766 Sequuntur
1091 3679 1178 3744 haec:

538 3785 607 3860 ὁπ’
627 3785 792 3884 ἀλιτήριος
877 3804 878 3808 ’

275 3907 329 3974 καί
349 3899 540 3996 δημόκοινος
562 3903 737 3996 ἐπεχόρευε
759 3900 905 3996 δαψιλής

276 4018 404 4110 θέρμος
424 4010 568 4108 πενήτων
587 4017 639 4084 καί
661 4017 857 4108 τρικλίνου
878 4011 1056 4105 συμπότης.

116 4136 228 4202 Athen.
257 4136 310 4213 Π,
345 4158 374 4221 p.
406 4139 448 4200 55
480 4133 520 4198 D.
542 4132 672 4198 eundem
706 4132 809 4199 losum
843 4136 971 4198 afferens
1004 4131 1112 4197 habet:
1150 4127 1206 4197 καί

76 4249 274 4335 τρικλίνων
296 4239 476 4336 συμπότης.
498 4249 532 4312 Si
556 4248 645 4314 loeus
661 4271 755 4313 sanus
778 4254 867 4327 esset,
891 4247 965 4312 hinc
988 4249 1121 4313 efficeres
1144 4249 1204 4312 ίνί-

76 4361 179 4428 οίίιιίίε
208 4364 291 4429 solos
323 4386 469 4450 pauperes
505 4387 577 4428 usos
614 4365 717 4428 fuisse.
752 4367 795 4430 At
831 4364 933 4430 eadem
970 4366 1001 4428 in
1027 4387 1084 4429 usu
1107 4365 1204 4428 fuisse

1037 4498 1052 4544 ο
