2964 5160
811 433 873 498 150

321 596 396 683 Gap.
412 597 471 663 80:
494 592 631 685 ἤλπιζον
644 593 849 690 ἅποςρέψαι.
864 611 931 674 Aut
946 611 1145 680 inserendum
1158 610 1212 700 ἄν,
1234 627 1290 686 aut
1304 626 1405 689 reseri-

277 710 412 775 bendum
446 704 668 800 ἇποςρέψειν,
706 717 790 800 quod
816 723 1027 807 praetulerim,
1061 731 1135 814 quia
1167 733 1259 798 codd.
1289 738 1404 821 quidam

274 824 388 890 habeut
414 819 627 913 οίποτρέψειν.
653 827 791 897 Ibidem:
814 829 1020 922 φοβούμενοι
1049 835 1154 909 aaron
1182 840 1242 933 την
1269 841 1406 938 νεότητα

274 937 329 1003 καί
348 931 388 1004 τῦ
409 939 551 1026 πλῆθος.
574 940 649 1006 cod.
680 947 761 1032 Aug.
792 941 983 1038 ...νεότητα
1007 954 1079 1022 vat.
1104 958 1146 1022 H.
1177 961 1278 1026 Bekk.
1305 957 1407 1030 σκαιό-

273 1074 364 1137 τητα.
381 1053 438 1116 Rei
457 1056 652 1121 conveniret:
671 1052 730 1144 την
748 1051 1033 1154 ἀβεβαιότητα.
1057 1073 1097 1136 Iu
1114 1096 1179 1162 cap.
1196 1074 1277 1143 med.
1294 1061 1329 1142 έν
1345 1081 1407 1152 τοῖς

274 1163 490 1248 πολεμίοις
510 1161 623 1256 ἄριςοι
643 1175 752 1258 utique
770 1180 978 1263 reponendum
1005 1185 1254 1268 πολεμικοῖς.

321 1279 527 1364 capsanus
545 1287 708 1369 proculab
731 1290 814 1356 iaia:
834 1284 901 1379 ἔφη
921 1287 1105 1374 βούλεσθαι
1126 1299 1288 1387 πρῶτον
1309 1296 1409 1366 ἐλθών

274 1391 337 1456 aaa.
359 1395 445 1480 Lege
467 1390 671 1485 πρότερον.

320 1508 396 1594 Gap.
427 1510 469 1574 85
501 1515 579 1574 extr.
600 1510 706 1578 καίτοι
729 1515 847 1602 ςρατιῇ
875 1509 956 1604 τῇδ’,
988 1511 1028 1606 ἢν
1058 1520 1113 1586 νῦν
1146 1515 1210 1607 έγιῦ
1243 1517 1326 1605 ἔχω,
1359 1521 1409 1587 ἐπὶ

274 1619 419 1688 Νισαίαν
438 1617 518 1704 ἐμοῦ
537 1615 782 1712 βοηθήσαντος,
805 1623 861 1692 οῦκ
882 1620 1048 1717 ἠθέλησαν
1075 1623 1252 1721 Ἀθηναῖοι
1277 1632 1409 1709 πλέονες

275 1723 367 1808 ὅντες
386 1736 588 1821 προσμῖξαι,
621 1727 679 1814 ὦς’
706 1729 765 1803 οῦκ
791 1731 878 1814 εἰκὸς
897 1741 986 1829 νηΐτῃ
1007 1765 1045 1828 γε
1076 1737 1195 1820 αὐτοῦς
1218 1745 1270 1829 τῷ
1300 1743 1334 1812 έν
1353 1757 1409 1813 Νι-

273 1842 353 1930 σαίᾳ
375 1847 487 1933 ςρατηῦ
508 1847 580 1914 ίσον
599 1847 730 1936 πλῆθος
750 1842 805 1936 ἐφ’
830 1842 916 1934 ῦμᾶς
942 1844 1126 1933 ῦποςεῖλαι.
1156 1859 1299 1944 Requiro
1332 1855 1409 1924 ἀπο-

275 1955 391 2040 ςελείν,·
415 1965 447 2023 et
466 1959 516 2042 aqi
536 1959 622 2024 ἐκεῖ
640 1980 748 2047 ςρατῳ
772 1986 840 2028 oum
858 1966 925 2030 eod.
948 1967 1100 2034 Palatino.
1119 1972 1259 2044 Quidam
1272 1971 1363 2038 codd.
1377 1974 1408 2035 iu

273 2095 362 2138 verso
373 2074 482 2138 ordine
493 2066 557 2153 ἔχω
578 2064 651 2157 ἐγώ.
675 2077 848 2144 Prouomen
865 2081 970 2148 abesse
984 2087 1099 2153 malim.
1112 2089 1259 2155 Ceterum
1272 2089 1411 2178 graviore

273 2189 402 2254 vulnere
423 2189 562 2254 laborare
584 2189 724 2256 ultimam
744 2195 863 2278 periodi
882 2205 1000 2282 partem
1020 2203 1054 2267 in
1078 2205 1185 2290 aprico
1207 2211 1265 2270 est.
1291 2203 1408 2270 Ibidem

275 2305 331 2388 §4
355 2305 552 2369 scribendum
576 2305 711 2373 videtur:
731 2300 874 2376 κίνδυνόν
903 2333 941 2378 τε
969 2307 1094 2384 τοσόνδ’
1126 2309 1308 2408 ἅνερρίφ
1318 2338 1409 2400 αμιν

273 2441 329 2504 pro
352 2422 481 2484 Aoristo
502 2413 734 2507 ἀναρρίψομεν.

318 2536 394 2621 Cap.
416 2541 459 2599 88
493 2536 510 2618 8
536 2537 575 2599 1;
607 2529 661 2596 καὶ
693 2531 803 2619 [περὶ]
835 2537 894 2600 τοῦ
915 2541 1047 2627 καρποῦ
1075 2533 1176 2630 φόβῳ
1207 2537 1355 2628 ἔγνωσαν
1380 2537 1409 2605 οἱ

271 2648 408 2722 πλείους
427 2645 627 2735 ἀφίςασθαι.
651 2647 728 2712 Dele
739 2653 1017 2737 praepositionem,
1038 2678 1116 2740 quae
1127 2658 1191 2721 vim
1203 2658 1303 2722 infert
1316 2658 1407 2722 Grae-

272 2765 371 2827 eitaii.
394 2759 444 2828 Of.
468 2783 534 2846 oap.
558 2766 601 2826 84
623 2762 642 2845 p
666 2764 702 2828 2:
729 2757 819 2844 ὅμως
840 2764 878 2831 δέ
898 2761 966 2832 daei
986 2771 1055 2834 τοῦ
1076 2770 1231 2858 καρποῦ
1250 2762 1296 2834 τὸ
1325 2767 1408 2840 δέος

270 2871 319 2941 ἔτι
341 2871 404 2954 ἔξω
426 2867 522 2949 ὄντος
550 2873 691 2940 πεισθὲν
718 2873 757 2942 vri
785 2877 925 2964 πλῆθος.
949 2883 1100 2948 Similiter
1122 2883 1192 2946 illio
1215 2883 1407 2970 scripserim:

269 2988 331 3053 τοῦ
349 2987 481 3072 καρποῦ
501 2987 554 3069 τῷ
572 2976 683 3072 φόβῳ.

312 3101 387 3185 Gap.
410 3105 452 3164 89
473 3101 491 3184 ᾧ
514 3103 534 3165 2
557 3100 640 3187 lege:
664 3091 683 3163 ὁ
704 3099 762 3178 μὲν
783 3103 1000 3194 Δημοσθένης
1018 3098 1220 3195 πρότερος
1243 3098 1406 3187 niarium,-

267 3215 436 3303 opponitur
455 3217 536 3280 enim
561 3213 637 3302 Cap.
661 3217 705 3281 90
729 3219 746 3300 §
773 3217 807 3280 1:
838 3208 910 3280 ὁδ’
927 3211 1140 3306 Ἱπποκράτης
1161 3213 1308 3306 ὕςερος
1331 3211 1405 3306 α’φι

270 3332 399 3396 κνεῖται.

312 3439 389 3527 Οερ.
416 3441 460 3504 89
483 3446 576 3505 exta:
607 3433 648 3506 ori
673 3434 736 3529 γάρ
766 3463 821 3506 πω
850 3434 1061 3530 Ἱπποκράτης
1090 3435 1281 3530 παρελύπει
1312 3441 1345 3508 ἐν
1365 3438 1407 3525 τῇ

265 3557 314 3644 γῇ
336 3547 390 3620 aiv.
414 3557 579 3640 Suspicor:
608 3555 643 3622 ἐν
669 3557 714 3642 τῇ
742 3556 788 3642 γῇ
807 3553 868 3643 ἤδη
888 3550 942 3620 α’ίν.
965 3557 1126 3623 Praeterea
1156 3557 1264 3623 malim
1292 3547 1406 3622 οῦδὲν

266 3661 329 3756 γὰρ
350 3667 434 3748 aaa,
460 3691 521 3754 qua
543 3675 645 3734 tamen
667 3670 833 3735 novatione
855 3672 986 3736 fortasse
1009 3694 1087 3759 opus
1113 3695 1178 3736 uon
1202 3678 1258 3737 eat.

309 3784 385 3870 Gap.
407 3788 449 3848 90
473 3785 552 3848 init:
574 3780 691 3871 Δήλιον
712 3782 851 3866 ἐτείχιζε
871 3784 992 3868 τοιῷδε
1016 3776 1133 3872 τρόπῳ
1163 3777 1217 3868 [ui
1239 3777 1333 3873 ἱερὸν
1353 3781 1406 3846 τοῦ

263 3887 490 3978 Ἀπόλλωνος]
520 3901 595 3985 lpeo
628 3899 715 3976 loeo,
748 3921 811 3984 quo
834 3898 969 3985 iegitur,
1005 3897 1197 3964 alienissimo
1219 3900 1403 3985 interpreta-

266 4015 403 4074 mentum
423 4015 573 4100 arguitur.
605 4015 743 4079 Peritum
774 4021 822 4080 est
845 4037 862 4078 e
884 4014 958 4100 Gap.
982 4017 1035 4079 76.

308 4127 383 4212 Gap.
406 4131 448 4191 91
471 4135 566 4194 exta:
586 4120 758 4216 ἡγεμονίας
780 4121 881 4216 οῦσης
902 4121 1029 4194 αὐτοῦ.
1052 4129 1211 4194 Fortasse:
1242 4130 1313 4215 τῆς
1334 4119 1402 4213 ἡγε-

264 4237 379 4320 μονίας
399 4233 502 4329 σῦσης
520 4239 624 4326 αὐτῷ
642 4233 742 4308 τότε.

306 4355 379 4440 Gap
396 4360 439 4418 92
457 4357 542 4421 iaia:
566 4353 621 4420 καί
643 4352 707 4419 εἰσι
729 4345 835 4440 δήπου
857 4353 1026 4436 πολέμιοι,
1049 4353 1085 4420 έν
1107 4345 1136 4438 ᾦ
1157 4377 1200 4419 τε
1222 4347 1268 4419 ἄν
1289 4349 1398 4439 χωρίῳ
