2964 5160
601 438 664 502 117

113 610 170 675 Vs.
194 613 275 676 272:
298 600 367 674 οὐδ’
389 603 428 676 din
446 600 518 675 dd.
540 612 677 699 Legatur
697 602 756 686 ὥς.

111 725 168 790 νε.
192 726 257 790 276
279 726 318 790 cf.
341 727 379 790 0.
402 725 441 790 R.
464 747 508 789 vs.
533 726 609 790 276.

111 839 169 904 Vs.
193 841 278 906 309:
304 836 363 913 Τίς
381 829 443 925 yolo
462 832 608 913 ἐσθλός
628 830 690 923 οὐχ
717 830 807 924 αὐτῷ
835 838 955 928 cilum
986 843 1097 929 Inepta
1131 863 1202 907 sen·

64 955 193 1030 tentia:
217 955 305 1040 quasi
337 950 410 1016 mali
444 973 507 1015 non
549 952 614 1017 sint
659 948 825 1038 φίλαυτοι.
858 954 931 1020 Una
963 955 1055 1022 litera
1082 954 1202 1034 deleta,

64 1069 190 1135 scribo:
213 1067 263 1143 τίς
283 1057 345 1154 γάρ
367 1056 452 1131 ἐσθ’
472 1055 515 1139 ὃς
534 1057 594 1148 οὐχ
616 1057 711 1149 αὐτῷ
732 1061 853 1152 mltum
883 1070 931 1135 cf.
953 1072 1041 1138 Aiac.
1074 1075 1138 1137 725
1163 1071 1202 1135 ad

65 1183 331 1257 Grammaticam3
352 1179 390 1244 ad
414 1200 536 1244 sensum
556 1178 623 1243 ibid
644 1201 689 1244 νε
710 1179 817 1246 1366:
835 1168 855 1268 ἦ
874 1173 977 1249 πάνθ’
1000 1177 1117 1268 ὅμοια·
1136 1184 1204 1260 πᾶς

65 1289 149 1385 ἆνήρ
171 1292 262 1380 αὐτῷ
283 1297 396 1375 πονεῖς
414 1315 487 1358 nam
512 1294 559 1358 sic
583 1293 749 1383 distinguo
771 1318 841 1361 eum
861 1297 1013 1364 Dobraeo.

112 1411 169 1476 Vs.
198 1411 280 1474 320:
615 1407 767 1496 σημαίνει
788 1401 818 1476 d'
837 1401 889 1477 ὅτι

283 1515 382 1607 μόνης
395 1510 466 1586 τόδ’
486 1514 547 1600 igi
568 1519 687 1610 δῆλον
705 1510 843 1611 Ἰσμήνης
863 1512 958 1612 κόρα.

64 1640 238 1703 Immunem
259 1633 463 1720 tautologiam
483 1656 638 1702 removeas
660 1635 844 1701 scribendo:
863 1625 944 1703 τόδ’
965 1628 1015 1707 ἐξ
1034 1627 1207 1725 ἀδελφόν

64 1743 207 1839 Ἰσμήνης
227 1739 321 1838 κόρα.
352 1748 400 1815 Cf.
439 1751 544 1838 Autig.
583 1773 627 1815 vs.
652 1754 681 1815 l.
711 1739 874 1839 Ἀόελφός
907 1751 1021 1838 passim
1055 1750 1207 1818 adiective

66 1862 211 1951 usurpari
235 1863 406 1929 monendus
428 1865 488 1932 orit
508 1887 605 1932 nemo.
1226 1884 1228 1888 ⁴

114 1978 171 2044 Vs.
198 1981 280 2042 3⁷9:
682 1976 934 2067 προσλαμβάνει

240 2080 339 2177 κῆδός
360 2113 395 2156 τε
415 2088 597 2163 ΚΛΙΝῸΝ
616 2091 671 2160 καὶ
689 2085 891 2174 ξυνασπιςοές
910 2089 1040 2179 φίλους.

66 2207 132 2271 Pro
156 2201 306 2290 languido
328 2203 391 2269 isto
408 2195 514 2271 κοινόν
534 2209 605 2274 vide
621 2232 659 2274 an
672 2205 924 2274 substituendum
935 2205 978 2270 sit
989 2196 1206 2271 KAEIN'ON.

113 2319 172 2386 Vs.
198 2319 281 2383 392:
302 2340 357 2404 pro
379 2318 467 2408 φασί
485 2321 553 2411 lege
575 2318 674 2410 φησί,
706 2345 777 2388 nam
801 2319 1042 2409 intelligendum
1064 2310 1106 2382 aci
1129 2339 1209 2399 μαν-

64 2423 215 2517 τεόματα
235 2454 314 2497 ονε.
338 2436 415 2502 387.

114 2547 171 2611 νε.
196 2549 283 2612 381:
306 2549 400 2638 τιμῇ
419 2549 558 2632 καθέξον
575 2554 609 2617 in
636 2547 760 2638 αἰχμῇ
779 2548 920 2629 καθέξον
941 2548 1124 2617 mutandum
1144 2566 1211 2610 essa

68 2661 210 2728 Cobetus
230 2663 347 2727 nemini
367 2664 492 2732 facilius
505 2690 595 2753 quam
609 2667 684 2732 mihi
697 2666 860 2756 probavit,
884 2666 999 2753 quippe
1017 2663 1070 2749 qui
1093 2659 1210 2725 dudum

68 2778 118 2842 sic
131 2776 331 2842 scribendum
351 2781 460 2845 esseio
473 2783 628 2864 editionis,
650 2807 713 2872 quo
725 2790 805 2863 utor,
820 2783 964 2870 margine
987 2785 1203 2845 annotaveram

67 2895 168 2959 Nunc
181 2891 255 2968 illa,
279 2915 369 2978 quem
390 2895 465 2960 mihi
476 2900 633 2986 gratulor,
656 2897 880 2983 σονὲμπτωσις
898 2896 994 2972 facit,
1012 2899 1049 2960 ut
1061 2891 1204 2960 dehuius

67 3007 274 3074 correctionis
294 3009 423 3076 veritate
445 3015 570 3081 omnino
596 3039 659 3082 non
683 3014 832 3080 dubitem.

115 3121 171 3187 νε.
191 3123 277 3187 415:
300 3114 346 3196 ὡς
361 3145 487 3213 φασιν
507 3126 539 3194 οἱ
560 3120 714 3211 μολόντες
731 3123 795 3192 nat.
821 3126 976 3213 Respousi
997 3125 1078 3190 ratio
1097 3127 1204 3210 postu·

68 3239 133 3304 lat:
159 3234 246 3327 φασί
267 3231 302 3320 μ’.

116 3352 174 3415 νε.
194 3339 361 3414 :02:0136'
380 3342 561 3440 όφηγητοῦ
583 3344 613 3439 y'
634 3344 719 3419 doec.
739 3352 851 3419 Malim
873 3349 1064 3442 ᾦφργητοῖν
1081 3339 1168 3414 ἄνευ.

119 3465 178 3530 Vs.
201 3465 283 3529 53⁷:
307 3450 436 3529 incuso
456 3456 549 3536 ἔλας’
570 3456 588 3529 i'
593 3488 685 3550 χειν.
707 3470 850 3534 Fortasse
872 3458 954 3553 όχη.
1038 3547 1042 3557 Ι

116 3579 178 3647 νε.
198 3582 281 3642 554:
307 3564 403 3650 ’ὁδοῖς
424 3573 456 3642 ἐν
474 3561 757 3656 ταῖςδ”οἷκοόων.
779 3582 928 3670 Particip.
947 3576 1026 3644 mals
1045 3571 1211 3660 repetitum

72 3720 112 3763 ex
134 3698 210 3762 551.
226 3693 387 3758 Sententia
408 3691 462 3778 (cf.
475 3693 556 3777 sqq.)
579 3694 703 3760 suadet:
726 3687 816 3771 ὁδοῖς
836 3694 869 3762 ἐν
884 3693 1003 3760 ταῖσδε
1021 3678 1214 3755 λεύσσων.

119 3809 179 3876 νε.
199 3809 280 3873 581:
304 3795 410 3892 χρόνῳ
434 3801 558 3884 μάθοις
577 3800 635 3890 όν,
656 3799 749 3892 οὐχὶ
772 3807 820 3893 τῷ
841 3796 981 3896 παρόντι
1001 3788 1078 3868 nod.
1106 3798 1213 3883 Scrip-

75 3925 190 3993 serim:
214 3911 355 4004 οόχὶ-π
364 3941 400 3982 ιο.
896 3932 898 3937 ·

120 4039 180 4106 νε.
211 4040 292 4101 588:
325 4021 453 4119 πότεροι
482 4024 525 4098 τό
553 4032 617 4098 τῶν
649 4034 716 4099 σῶν
744 4024 897 4120 ἐγγόνων,
924 4023 945 4118 ἢ
975 4020 1063 4112 ’μοῦ
1091 4020 1215 4109 linem

77 4157 253 4221 Contentus
276 4148 401 4213 suadet:
425 4139 446 4232 ἢ
466 4144 550 4219 πῶς
570 4145 689 4234 idaea,-

123 4269 182 4336 Vs.
206 4269 289 4332 592:
312 4249 468 4349 ὦμοῖρε,
499 4253 608 4344 θυμός
636 4251 666 4327 d'
693 4257 856 4334 ἕνκακοῖς
874 4248 913 4323 od
931 4245 1111 4345 ξύμφορον.
1150 4250 1215 4317 Ex-

81 4383 243 4472 punxerim
268 4377 409 4447 voculam
443 4364 481 4439 δ’.
