2990 5156
644 461 682 524 77

147 637 318 721 Hucusque
333 626 418 700 πάνο
441 637 567 717 σεμνῶς
589 635 691 699 omnia
715 635 902 722 procedunt,
924 641 955 700 et
982 633 1062 698 nihil
1078 633 1230 718 estquod

105 751 221 816 demere
242 757 297 816 aut
326 749 437 815 addere
472 749 557 814 veiis.
593 753 662 815 Iam
694 773 764 815 vero
794 751 879 828 vide,
909 771 999 835 quam
1027 749 1147 814 misella
1168 749 1232 814 sint

103 873 132 930 et
155 873 245 954 poeta
270 865 316 931 vel
341 865 429 930 valde
452 865 600 930 mediocri
624 865 845 953 indignissima
864 889 941 951 quae
963 871 1151 952 sequuntur:

198 985 233 1040 19
258 978 429 1069 προσέχων
447 1000 483 1043 σε
503 978 606 1044 ταῦτα
625 977 679 1045 καὶ
699 970 799 1068 φύσιν
819 979 917 1046 θείαν
936 979 1078 1069 φορῶν,

256 1087 295 1166 ὃς
315 1091 381 1156 πᾶν
400 1083 438 1155 ad
459 1088 578 1173 λεχθὲν
599 1087 632 1156 ἐν
651 1093 786 1177 βροτοῖς
807 1081 995 1174 ἀκούσεται,

255 1199 293 1278 ὂς
313 1192 477 1291 δρώμενον
498 1199 536 1266 δὲ
554 1201 620 1266 πάν
642 1199 722 1269 ἰδεῖν
742 1193 920 1292 δονήσεται.

12 1407 13 1410 ρ
147 1317 261 1383 'Pribus
292 1316 341 1380 his
373 1313 512 1381 versibus
542 1314 621 1382 nihil
650 1317 779 1382 omnino
803 1317 921 1383 dicitur
943 1317 1026 1403 quod
1049 1339 1111 1382 uon
1134 1316 1233 1382 multo

12 1443 13 1446 ’
103 1432 212 1498 meiius
235 1433 268 1496 in
293 1430 413 1496 duobus
437 1430 690 1516 praecedentibus
710 1433 920 1499 enuntiaverit
943 1438 1047 1518 poeta,
1071 1434 1132 1498 nisi
1156 1433 1235 1497 icrte

102 1553 249 1635 corrupta
269 1554 359 1636 putas
383 1546 477 1614 verba
498 1543 670 1634 προσέχων
690 1568 727 1611 τε
746 1547 867 1627 σαύνια,
888 1553 981 1634 atque
1003 1551 1156 1637 egregiam
1177 1546 1235 1614 enh

101 1663 165 1728 illis
209 1664 395 1729 seutentiam
431 1660 619 1726 delitescere.
653 1660 713 1725 sed
748 1661 907 1728 videamus
940 1664 1074 1752 singule.
1106 1665 1161 1730 Vs.
1193 1665 1234 1731 19

102 1782 204 1866 inepte
227 1799 487 1866 supervacaneum
507 1775 560 1842 eu·
577 1774 726 1860 deipara,
752 1772 888 1863 ἀφθίτῳ
908 1775 973 1864 βίῳ
994 1771 1149 1845 θάλλονιι
1179 1781 1237 1846 tri·

103 1897 194 1960 bucre
215 1892 313 1960 θείαν
333 1887 446 1982 pium
470 1914 513 1958 vs.
527 1896 587 1969 20,
613 1895 648 1955 ut
670 1895 786 1955 taceam
811 1890 960 1956 vocabula
980 1880 1043 1976 νόῳ
1063 1885 1094 1956 ι’
1114 1884 1237 1959 ἀκούων

103 2011 181 2075 maie
204 2008 257 2073 hic
280 2007 386 2073 inutili
410 2007 573 2074 verborum
596 2005 688 2071 turba
709 1996 998 2095 περιφράζεσθαι,
1027 2006 1175 2073 vocabula
1197 2001 1237 2076 cd

103 2121 221 2206 λεχθὲν
250 2105 435 2207 ἐν’βροιοῖς
457 2123 509 2188 vix
534 2125 653 2188 Graeca
675 2120 823 2186 videntur
845 2142 900 2206 pro
922 2112 964 2184 τά
983 2110 1139 2206 λεγόμενα
1157 2124 1237 2210 βρο-

103 2240 191 2318 τοῖς,·
215 2235 338 2300 tandem
356 2260 399 2303 va.
416 2241 474 2314 21,
487 2238 540 2324 qui
553 2238 694 2302 continet
706 2236 866 2324 participii
885 2232 1016 2317 βλέπων
1035 2234 1237 2322 periphrasin,

104 2349 182 2414 male
201 2350 317 2437 incipit
337 2352 376 2416 ab
406 2353 512 2419 ecdem
532 2353 731 2439 pronomine,
753 2374 770 2416 a
793 2373 855 2437 quc
875 2351 999 2415 initium
1021 2350 1110 2417 ducit
1132 2372 1236 2417 versus

12 2469 14 2544 J
105 2465 297 2552 praecedens.
320 2469 468 2547 Accedit,
493 2469 575 2554 quod
606 2468 639 2532 hi
664 2490 786 2545 versus,
809 2487 887 2552 quos
910 2464 1035 2530 exhibui
1058 2465 1236 2533 emendatos

12 2559 14 2634 Ῐ
105 2580 171 2645 scil.
195 2603 211 2645 a
236 2581 312 2646 viris
334 2582 453 2662 doctis,
475 2584 507 2648 iu
534 2583 622 2648 codd.
646 2582 794 2670 leguntur
816 2582 849 2645 in
872 2579 957 2646 hunc
980 2581 1123 2646 medum:

454 2696 686 2784 προσέχων-
707 2694 833 2786 φορῶν,

301 2798 361 2896 ἀφ’
380 2801 419 2874 ού
439 2812 504 2875 πᾶν
522 2808 580 2892 μὲν
599 2801 638 2875 νύ
659 2807 777 2893 λεχθὲν
797 2797 948 2874 ἀκούεται

301 2914 340 2995 ἀς
359 2912 524 3009 δρώμενον
544 2920 581 2986 δὲ
600 2922 665 2986 πᾶν
685 2919 765 2986 ἰδεῖν
785 2911 965 3012 δυνήσεται.

150 3031 285 3098 Delendi
319 3035 436 3122 igitur,
470 3036 495 3098 si
532 3057 579 3098 me
611 3034 716 3112 audie,
752 3057 812 3098 una
846 3034 950 3099 litura
985 3032 1111 3120 Optime
1134 3037 1235 3102 autem

109 3149 213 3213 statim
235 3153 307 3235 post
330 3172 372 3214 vs.
399 3150 439 3214 18
460 3153 630 3235 aequentur
652 3171 693 3213 re.
720 3154 762 3213 22
786 3161 871 3236 sqq.:

347 3255 403 3328 ἒάν
422 3260 459 3329 δὲ
478 3265 530 3329 νῦν
552 3265 627 3351 σιγῇ
646 3287 677 3329 τι
696 3254 858 3350 βονλεύῃς
877 3254 989 3344 κακόν,
1065 3271 1069 3280 ’

346 3371 432 3440 τοῖο
450 3367 522 3458 ούχί
542 3365 634 3464 λήσει
652 3367 729 3450 σούς
748 3368 853 3449 θεούς
871 3372 934 3440 ard.

153 3619 298 3685 Athenae.
321 3619 388 3697 IX,
411 3642 440 3706 p.
455 3621 520 3686 401
534 3621 568 3685 F.
589 3612 759 3693 Διονύσιος
777 3609 824 3682 dd
845 3607 1000 3705 τύραννος
1020 3613 1052 3681 ἐν
1073 3604 1237 3681 Ἀδώνιδι·

306 3733 443 3821 νυμφῶν
461 3726 528 3800 dno*
550 3723 718 3821 σπήλυγγα
737 3724 794 3821 τήν
814 3719 1006 3814 αύτύςεγον,

306 3837 448 3933 σύαγρον
463 3835 666 3925 ἐκβόλειον
686 3834 831 3931 εὔθηρον
849 3832 980 3906 κλύειν

307 3948 334 4041 ᾦ
354 3949 460 4036 πλεῑς’
479 3949 632 4042 ἀπαρχάς
651 3945 931 4043 ἀκροθινιάζομαι.

155 4073 271 4136 Locum
297 4071 564 4158 corruptissimum
590 4073 707 4134 tentare
728 4067 813 4133 lubet
836 4068 867 4132 in
893 4066 977 4131 hunc
1001 4065 1141 4132 modum:

306 4184 442 4272 νυμφῶν
462 4176 528 4249 ἀπὸ
550 4174 718 4270 σπήλυγγα
737 4174 794 4270 τήν
814 4169 1003 4265 αύτύςεγον,

309 4289 352 4362 αἶ
354 4318 372 4370 ς
391 4286 498 4374 πλεῖς’
516 4287 669 4383 ἀπαρχὰς
688 4282 976 4379 ἀκροθινιάζομαι,

309 4407 447 4495 σύαγρον
466 4407 601 4489 μολεῖν
622 4405 748 4471 ἕλειον
769 4394 911 4491 εύθηρον
931 4395 1038 4466 κλύω.
