2990 5156
812 425 854 485 54

270 596 319 664 Cf.
344 597 469 686 Telephi
491 599 597 684 fragm.
621 619 667 682 ap.
690 596 777 662 Stob.
800 596 921 673 XXII,
947 600 988 662 82
1013 617 1056 663 vs.
1082 603 1118 664 lc

465 704 511 777 Ed
533 702 563 775 δ’
584 703 640 774 als’
660 701 777 797 ἀνάγκῃ
800 708 854 776 καὶ
874 712 988 776 θεοῖσι
1007 702 1052 797 μή
1073 707 1209 795 μάχου.

314 1058 517 1122 Inveuustum
537 1055 701 1121 admodum
724 1060 755 1120 et
777 1054 928 1142 Euripide
948 1077 1072 1142 prorsus
1095 1057 1258 1145 indignum
1278 1059 1393 1125 addita·
1463 1041 1464 1128 l

270 1178 406 1237 mentum
433 1177 557 1257 apparet
578 1173 612 1236 in
635 1172 823 1259 fragmento,
848 1170 930 1256 quod
958 1172 1164 1257 Melanippus
1190 1179 1290 1240 exstat
1318 1175 1393 1262 apud

269 1288 448 1374 scriptorem
472 1287 527 1351 vit
550 1285 656 1373 Eurip.
681 1285 862 1372 (Hermann.
887 1307 991 1372 opusc.
1015 1287 1045 1350 V
1067 1311 1096 1374 p.
1117 1292 1182 1354 202
1205 1293 1280 1378 sq.):

423 1390 527 1488 μάνην
546 1390 601 1487 ἄρ’
620 1397 668 1475 εἰς
687 1402 836 1486 γυναῖκας
857 1395 891 1478 ἐξ
914 1389 1039 1488 ἅνδρῶν
1057 1391 1166 1488 ψόγος

422 1507 543 1599 ψάλλει
561 1503 650 1578 neuris
671 1502 814 1594 τόξευμα
835 1511 899 1578 καὶ
918 1514 1041 1586 κακῶς
1061 1510 1183 1598 λέγει·

423 1623 458 1690 αἱ
480 1616 509 1690 δ’
529 1617 592 1690 aro’
613 1615 764 1706 ἀμείνους
785 1615 941 1713 ἀρσένων,
961 1616 1024 1709 e'yoi
1046 1621 1141 1710 λέγω

313 1736 431 1822 Ecquis
447 1743 506 1817 est,
519 1739 572 1823 qui
584 1738 764 1825 intelligens
775 1760 866 1823 qnam
878 1738 1104 1826 egregieverba
1114 1727 1398 1826 μάτην-τόξευμα

270 1851 441 1918 dictasint
463 1875 519 1939 pro
551 1853 674 1940 vulgari
708 1854 877 1920 mutantia:
901 1847 1003 1940 μάτην
1020 1843 1211 1940 ἄρ’ἅνδρες
1229 1849 1335 1924 κακῶς
1351 1847 1398 1914 λε’-

268 1985 363 2052 yoocc
382 1958 442 2040 τὰς
460 1971 622 2053 γυναῖκας,
644 1967 849 2034 nihilominus
870 1968 1006 2056 genuina
1028 1989 1093 2033 essa
1115 1965 1227 2045 ducat,
1247 1985 1326 2050 quae
1348 1985 1396 2029 vo·

270 2077 379 2144 cabula
400 2078 636 2168 languidisaima
657 2089 689 2148 ct
711 2085 796 2148 omni
819 2084 969 2170 orationis
991 2082 1108 2149 lumine
1127 2082 1397 2166 destitutaappcn·

271 2193 345 2259 dent
366 2196 480 2261 inutile
500 2198 638 2284 pondua:
660 2195 716 2263 xci
735 2196 840 2273 macic
861 2195 966 2284 ls'yacP
981 2197 1015 2263 Si
1031 2219 1177 2284 nsquam,
1194 2195 1246 2261 hic
1263 2201 1397 2262 tenemus

272 2311 428 2377 falsarium
461 2311 600 2379 lacunam
634 2316 668 2379 in
693 2314 801 2379 codic·
823 2335 879 2399 pro
903 2335 960 2378 suc
982 2319 1075 2400 captu
1097 2319 1258 2398 utcunque
1278 2310 1399 2397 explen-

273 2432 349 2506 tem3
375 2450 505 2513 eumque
536 2429 625 2494 iuxta
657 2430 873 2518 ignariuimoa
903 2429 1080 2517 imperitum
1116 2429 1244 2516 linguae
1269 2428 1399 2496 Graecae

273 2544 465 2628 antiquioris.
489 2544 568 2618 Quis
595 2546 675 2611 enirn
700 2567 795 2631 aequo
818 2546 923 2610 animo
944 2545 1040 2610 ierat:-
1060 2541 1113 2609 sod
1134 2534 1238 2630 μάνην
1258 2530 1398 2630 ψόγος-

270 2657 376 2731 κακῶς
395 2655 481 2743 λέγει
502 2651 572 2734 (τὰς
590 2662 777 2746 ycanatorum?
808 2659 894 2735 Quid
926 2661 1046 2726 dederit
1067 2661 1200 2724 istorum
1232 2656 1302 2722 loco
1337 2655 1398 2739 ipsa

272 2775 376 2857 poeta,
400 2773 526 2856 ignoro;
547 2773 600 2838 sed
623 2775 800 2842 istiusmodi
824 2775 1044 2842 additamentis
1068 2773 1194 2851 melias,
1223 2770 1328 2850 credo,
1350 2791 1398 2835 ca-

274 2884 414 2950 rebimus.

313 3231 386 3295 Non
430 3231 558 3317 expedio
597 3234 755 3320 Melccyri
787 3237 994 3323 fragmentum
1031 3260 1078 3324 ap.
1116 3234 1282 3300 stobaeum
1318 3233 1392 3299 Flor.

272 3346 435 3425 LXXIV,
462 3352 518 3412 la:

470 3455 558 3527 ἔνδον
577 3463 736 3546 μένουσαν
757 3460 814 3552 τήν
834 3461 952 3552 γυναῖκ’
973 3455 1052 3530 εἶναι
1073 3457 1201 3553 χρεών

471 3571 608 3664 ἐσθλήν,
630 3554 757 3663 dicum
779 3569 809 3642 δ’
829 3568 923 3657 ἀξίαν
942 3577 1003 3642 τοῦ
1023 3568 1170 3665 μηδενός.

318 3688 431 3754 Verria·
445 3689 616 3777 eleganter,
639 3697 675 3756 nt
697 3692 793 3772 solet,
812 3693 959 3758 Grotius:

451 3807 535 3871 licre
556 3808 707 3870 contineri
718 3808 864 3891 feminac
886 3808 1018 3893 officium
1035 3806 1150 3890 probae
1172 3810 1232 3879 cal,

442 3922 534 4006 foria
553 3927 701 4005 aequatos
719 3924 843 3988 mollica
861 3923 960 4007 pretii
977 3929 1073 4006 pata,

273 4055 377 4100 verum
397 4036 512 4102 frustra
535 4043 567 4102 te
589 4037 764 4123 torquebis,
789 4043 825 4103 ut
851 4037 936 4104 hune
959 4059 1080 4102 sensum
1104 4055 1121 4099 o
1146 4034 1283 4122 vulgatis
1303 4031 1398 4119 expis-

275 4151 360 4214 ccris.
384 4150 499 4216 Procul
521 4154 603 4217 enirn
625 4153 719 4218 dubio
744 4154 889 4218 vitiosum
913 4158 961 4218 est
979 4143 1090 4238 χρεῶν,
1105 4151 1187 4237 quod
1211 4173 1229 4214 a
1252 4145 1398 4216 Graeculo

274 4268 443 4356 proiectum
468 4289 534 4332 esse
553 4269 628 4334 milri
652 4269 828 4356 persuadeo.
851 4271 1028 4334 Sententiae
1051 4267 1256 4334 satisfaceret:

430 4375 518 4445 ἔνδον
539 4381 697 4462 μένουσαν
718 4377 775 4470 τήν
796 4375 914 4468 γυναῖκ’
937 4373 1018 4448 εἶναι
1039 4370 1146 4448 diuet
1168 4379 1229 4445 κνὲ.
