2990 5156
659 425 699 484 55

150 600 308 666 Praeterea
329 600 392 664 fere
414 596 536 662 malim:
560 586 628 680 σὴν
647 589 764 680 γυναῖκ’
785 583 866 660 εἶναι
886 591 974 664 δόκει
994 595 1057 662 aad.

148 717 332 783 conferatur
353 713 465 780 Troad.
490 733 533 778 vs.
560 713 627 774 642
654 729 737 793 sqq..
753 707 806 776 ubi
823 710 1038 778 Andromache
1060 712 1120 777 ait:

258 823 479 916 πρῶτονμὲν,
503 819 585 890 ἔνθα
604 813 661 886 xdv
681 821 795 910 προσῇ
814 814 873 888 κᾶν
891 816 937 912 μή
957 825 1070 913 προσῇ

259 930 366 1028 ψόγος
385 934 539 1026 γυναιξίν,
562 924 642 1002 αὐτὸ
663 923 759 1000 τοῦδ’
778 930 949 1024 ἐφέλκεται

259 1050 364 1127 κανοῖς
385 1039 529 1129 ἀκούειν,
551 1039 637 1135 ἥτις
660 1035 724 1112 οὐκ
747 1038 858 1111 ἔνδον
882 1043 1011 1130 μένει,

259 1154 376 1230 τούτου
397 1153 508 1230 πόθον
529 1146 659 1248 νεαρεῑσ1
681 1151 841 1242 ἔμιμνον
863 1156 899 1224 ἐν
921 1148 1070 1241 δόμοις.

145 1279 199 1344 Ne
211 1279 282 1365 quis
302 1283 402 1344 nomm
424 1276 569 1364 opinetur
590 1295 638 1338 me
655 1273 701 1338 ite
716 1272 867 1360 suspirari
883 1271 997 1360 absque
1017 1273 1128 1339 idonea
1148 1295 1240 1340 oense

102 1398 133 1459 et
154 1394 289 1472 nodum,
311 1391 396 1478 quod
418 1392 525 1468 aiunt,
545 1388 734 1475 quaesivisse
757 1388 791 1452 in
818 1389 920 1476 sirpo:
942 1389 1132 1456 enucleatius
1148 1410 1239 1472 quem

103 1508 186 1574 soleo
209 1509 272 1574 loei
290 1507 495 1595 corruptelam
523 1503 652 1596 probare
675 1502 818 1570 conabor.
842 1504 876 1568 Si
901 1503 1042 1570 admittis
1063 1505 1166 1570 Grotii
1188 1505 1239 1569 in-

101 1624 369 1712 terpretationem,
398 1613 437 1688 τδ
457 1618 532 1710 ἑξῆς
558 1641 602 1686 vs.
624 1620 642 1683 l
667 1617 726 1684 hoe
749 1621 809 1684 est:
832 1610 938 1705 χρειδν
958 1610 1014 1705 τήν
1034 1614 1157 1704 ἐσθλήν
1183 1640 1239 1702 yv-

102 1731 283 1804 ναῖκαεῖναι
305 1730 394 1801 ἔνδον
412 1731 580 1817 μένουσαν.
599 1737 645 1798 At
658 1755 726 1800 oum
743 1732 905 1800 verborum
917 1729 993 1798 ordo
1005 1736 1075 1796 tum
1085 1729 1239 1816 imprimis

102 1849 311 1915 Aeeusetivus
333 1838 426 1924 ἀξίαν
443 1847 476 1911 in
500 1869 544 1913 vs.
566 1871 628 1938 serp
652 1847 732 1913 hano
748 1846 972 1934 interpretandi
999 1847 1148 1912 rationem
1174 1868 1237 1910 om-

101 1967 177 2031 nino
193 1962 426 2052 improbandam
443 1985 508 2027 esse
525 1963 623 2029 donet.
640 1965 690 2029 Ite
705 1964 789 2030 enim
805 1985 848 2028 vs.
865 1964 885 2026 2
901 1961 961 2026 erit
975 1954 1014 2029 τδ
1037 1958 1111 2050 ἑξῆς
1126 1960 1238 2027 hoece:

102 2073 184 2168 (τήν)
214 2069 245 2145 δ’
275 2069 368 2158 (ἰξίαν
395 2075 454 2141 τοῦ
482 2067 800 2166 μηδενός-θύρασι,
830 2077 913 2162 qnod
946 2075 1038 2163 plene
1071 2076 1238 2142 absurdum

102 2215 168 2259 esse
203 2213 292 2257 nemo
322 2213 384 2255 nen
413 2190 506 2256 videt.
535 2172 680 2256 Admisso
703 2191 803 2279 igitur
838 2194 941 2259 Grotii
976 2193 1117 2258 versione
1149 2215 1192 2258 vs.
1218 2195 1236 2258 l

103 2329 227 2374 neeesse
259 2312 324 2383 est,
360 2311 413 2372 aut
443 2327 499 2393 pro
532 2300 624 2384 ἀξίαν
649 2329 832 2394 reponemus
853 2296 930 2390 ἀξία
963 2309 1046 2397 (soil.
1071 2300 1153 2396 ἐςὶ),
1185 2314 1239 2374 aut

102 2445 224 2492 versum
235 2429 411 2510 sequentem
435 2421 472 2486 ab
488 2423 670 2509 imperativo
687 2422 790 2509 aliquo
812 2411 927 2506 νόμιζε
948 2423 996 2490 vel
1019 2411 1108 2488 δόκει
1134 2447 1238 2489 orsum

102 2561 167 2604 esse
192 2539 398 2625 suspicemum
432 2559 492 2624 qua
514 2558 547 2604 re
576 2537 671 2624 probe
692 2537 874 2617 intellecto,
898 2541 1027 2606 Grotius
1057 2562 1095 2606 ex
1112 2539 1238 2628 ingenio

102 2653 216 2719 intulit
235 2677 279 2720 vs.
303 2657 322 2718 2
347 2676 434 2718 suum
463 2665 553 2737 pora.

147 2771 267 2835 Oentra
278 2774 309 2834 et
321 2769 481 2834 verborum
495 2768 570 2834 erdo
582 2774 613 2834 et
625 2769 835 2856 grammatica,
858 2770 891 2834 ni
905 2769 1007 2846 fallor,
1027 2792 1084 2835 nos
1104 2774 1238 2857 cogunt,

104 2891 139 2952 ut
172 2885 307 2972 logicum
341 2885 507 2968 orationis
528 2885 791 2952 eonstruetionem
827 2884 945 2952 haneoe
980 2906 1045 2952 esse
1076 2890 1238 2972 putemus:

102 2992 229 3088 χρεών
247 2990 304 3087 τῆν
324 2993 444 3084 γυναῖκ’
462 2993 554 3066 ἔνδον
572 2995 732 3082 μένουσαν
764 2990 844 3066 εἶναι
875 2989 1012 3088 ἐσθλήν,
1048 2990 1172 3086 θύρασι
1202 2996 1241 3064 δὲ

102 3104 197 3180 estas
218 3110 278 3178 rori
298 3101 444 3199 μηδενός.
471 3111 558 3186 Quae
590 3134 685 3200 quum
715 3114 761 3178 ite
792 3113 872 3192 sint,
903 3103 1008 3200 χρειδν
1039 3135 1147 3178 senum
1175 3133 1240 3178 esse

103 3224 229 3311 nequit,
249 3226 399 3312 siquidem
420 3229 476 3292 doe
499 3229 645 3294 voeabula
674 3227 786 3296 Graeci
807 3229 842 3290 ν’νν
854 3227 1061 3294 concludendo
1073 3249 1132 3292 νον
1144 3237 1240 3296 otuu·

104 3349 164 3406 tur.
188 3341 299 3406 Sensui
327 3362 418 3422 vero,
452 3351 488 3409 ut
512 3343 549 3410 ab
572 3345 666 3408 initio
692 3344 771 3420 dixi,
796 3343 912 3430 optime
935 3344 1096 3408 conveniet
1119 3333 1218 3410 δόκει.

150 3688 235 3754 stob.
258 3688 401 3767 LXXV,
425 3694 454 3754 3.
478 3682 555 3778 En’p.
580 3686 717 3764 Οἰνέως·

261 3811 304 3870 Α.
327 3795 412 3877 -ιδς
434 3799 524 3867 οὐδὲν
547 3793 640 3889 ἀνδρὶ
660 3795 756 3882 πιςδν
777 3785 857 3869 dtlo
878 3798 962 3891 πλήν
982 3800 1105 3868 τέκνοιν.

259 3921 297 3980 Β.
320 3912 456 4002 κέρδους
477 3913 507 3980 δ’
527 3911 616 3980 ἕκατι
635 3913 689 3979 καὶ
708 3909 746 3980 τό
769 3913 917 4001 συγγενὲς
938 3919 1035 3980 νοσεῖ.
1068 3893 1072 3904 ’

151 4027 238 4094 Haeo
254 4028 361 4108 verba,
383 4048 461 4113 quae
485 4027 578 4114 vulgo
595 4029 778 4093 continuata
794 4028 954 4115 leguntur,
978 4028 1107 4095 fortasse
1131 4026 1241 4094 melius

107 4141 187 4206 inter
215 4142 291 4208 duas
319 4165 467 4231 personas
497 4143 685 4210 dividentur.
716 4146 824 4210 Semta
848 4145 929 4210 enim
953 4167 1018 4210 esse
1041 4145 1181 4233 suspicor
1204 4168 1241 4210 ex

109 4256 230 4346 dialogo
261 4261 342 4325 inter
369 4261 508 4325 Oeneum
531 4264 562 4325 et
598 4260 797 4338 Diomedem,
829 4262 919 4324 euius
943 4260 1094 4346 particula
1125 4260 1241 4348 legitur

109 4374 196 4458 apud.
219 4373 322 4440 Schol.
346 4376 443 4440 Arist.
470 4378 548 4444 Itan.
575 4377 809 4463 rescriptam
835 4374 921 4440 hune
942 4378 1078 4442 modurn:
