2990 5156
786 443 828 504 48

285 608 420 697 Lycurg.
444 631 469 674 c.
493 610 602 675 Lcocr.
624 634 652 698 p.
676 613 759 678 100:
782 604 873 693 ἄξιον
896 603 976 682 δὀἶ
1005 608 1121 705 ἄνδρες
1144 618 1292 684 δικασταὶ
1318 619 1374 687 καὶ

240 723 303 787 τῶν
321 720 478 806 ἰαμβείων
493 716 647 805 οἷκοῦσαι,
672 716 695 791 ci
713 725 874 814 acccipite
891 721 993 816 (Εδρ.)
1012 726 1169 814 λέγουσαν
1183 723 1239 817 τήν
1247 729 1375 820 μητέρα

239 832 298 922 τῆς
316 825 450 911 παιδός·
470 825 605 924 ὄψεσθε
618 827 680 926 yolo
705 834 738 904 ἐν
761 830 871 913 circis
889 839 1136 929 μεγαλοψυχίαν
1160 841 1215 908 καὶ
1234 834 1375 928 yenati-

238 968 319 1034 τητα
340 941 432 1028 ἀξίαν
454 945 508 1014 καὶ
536 947 594 1036 τῆς
612 937 742 1024 πόλεως
763 947 898 1016 καὶτοῦ
918 950 1072 1038 γενέσθαι
1098 955 1251 1044 Κηφισοῦ
1268 957 1368 1041 θογα

238 1054 337 1146 τέρα·

446 1179 514 1261 Τδς
534 1176 669 1275 χάριτας
686 1180 758 1267 δ’ςις
773 1181 931 1275 εὐγενῶς
944 1190 1132 1280 χαρίζεται,

441 1292 533 1385 ἥδιον
550 1295 583 1365 ἐν
598 1301 783 1388 βροτοῖσιν·
804 1295 839 1370 οἳ
859 1304 896 1369 δε
911 1303 1016 1391 δρῶσι
1028 1301 1104 1388 μὲν,

442 1401 548 1499 χρόνῳ
570 1409 608 1475 δὲ
624 1413 744 1500 δρῶσι,
766 1413 896 1502 [δρῶσι]
921 1413 1157 1505 δοσγενὲςερον.

281 1522 399 1609 Scripsi
423 1545 466 1590 ve.
489 1527 509 1592 3
533 1547 569 1592 ex
593 1527 755 1615 ingenioso
778 1532 808 1594 et
827 1528 913 1594 facili
937 1530 1150 1597 emendatione
1174 1529 1374 1614 Heinrichii‚

236 1659 307 1723 prae
319 1657 379 1722 que
390 1660 494 1705 omnes
507 1639 693 1726 reliquorum
707 1644 913 1710 correctiones
933 1646 1066 1711 sordent.
1087 1645 1239 1712 Poctohis
1252 1646 1373 1713 verbis:

236 1743 271 1816 οἳ
298 1747 603 1844 δὲ-δοσγενέςερον
626 1757 777 1846 explicat,
816 1760 893 1846 quid
923 1763 965 1827 sit
1000 1751 1137 1846 εὐγενῶς
1170 1757 1376 1848 χαρίζεσθαι

234 1855 369 1953 χάριτας
379 1887 422 1933 ve.
444 1871 479 1946 1;
502 1893 623 1960 nempe:
645 1895 708 1939 non
731 1867 836 1964 χρόνῳ
856 1875 954 1940 τοῦτο
973 1875 1067 1963 δρᾶν,
1086 1873 1138 1938 sed
1162 1863 1300 1950 εὐθέως.

279 1977 334 2050 Vs.
357 1984 418 2048 19:
440 1984 536 2072 εἴπερ
553 1978 614 2074 peip
635 1978 797 2075 οἷριθμδν
822 1977 912 2054 οἶδα
932 1985 987 2053 καὶ
1004 1977 1223 2061 τούλάσσονος

440 2087 479 2162 ιδ
498 2095 627 2180 μεῖζον,
649 2089 749 2182 criptis
772 2089 859 2176 οἶκος
882 2095 921 2165 οδ
936 2098 1050 2165 πλεῖον
1069 2095 1183 2165 σθένει

439 2205 582 2285 πταίσας
600 2199 731 2299 ἀπάσης
751 2205 888 2293 πόλεος,
908 2201 977 2277 οὐδ’
991 2213 1063 2276 ἴσον
1079 2208 1186 2298 φέρει.
1205 2194 1210 2202 ’

277 2323 364 2387 Scire
375 2321 530 2409 pervelim,
543 2321 618 2406 quid
635 2323 676 2389 sit
686 2320 806 2392 εἰδέναι
819 2313 1036 2398 τούλάσσονος
1053 2314 1091 2389 οδ
1108 2320 1229 2406 μεῖζον.
1250 2321 1377 2387 Contra

232 2439 348 2526 optime
369 2437 579 2527 intelligetur:
600 2433 754 2503 διειδέναι
774 2432 846 2517 ναξ,
870 2459 963 2524 querc
986 2436 1074 2516 vide,
1101 2459 1138 2502 en
1156 2443 1245 2524 poeta
1267 2439 1376 2526 scrip-

232 2555 324 2620 serit:
1094 2542 1097 2552 λ

385 2683 417 2752 εἰ
431 2679 493 2774 γδρ
512 2676 698 2774 ἆριδμοδς
718 2683 823 2750 διὀιδ
828 2706 850 2749 α
867 2681 922 2750 καὶ
939 2673 1156 2759 τούλάσσονος

384 2790 423 2863 cri
441 2795 553 2880 μεῖζον
571 2796 634 2863 nr.

272 2907 434 2978 Διειδὲναι
452 2911 611 2998 significat
621 2915 689 2976 tum
699 2917 845 2976 eccccratc
854 2931 942 2975 corre
961 2901 1121 2998 (ὠιριβοῖς
1131 2905 1273 2996 εἰδέναι),
1296 2912 1372 2976 tum
1492 2923 1493 2944 ¹

153 3008 163 3018 .
231 3027 508 3110 δι’ρνιοιοινινιιονι
520 3027 556 3091 ab
576 3027 689 3105 altero,
712 3047 810 3111 neque
826 3027 925 3114 igitur
943 3024 1004 3089 alio
1027 3023 1119 3090 verbo
1140 3045 1234 3109 aeque
1252 3025 1373 3090 idoneo

231 3145 320 3228 poeta
340 3142 386 3207 uti
410 3147 560 3229 potuerat.

275 3256 330 3322 Vs.
343 3259 404 3335 30,
416 3280 477 3342 αρε
499 3255 586 3338 μισοῖ
607 3257 772 3341 γυναῖκας,
794 3251 912 3330 αἵτινες
928 3245 997 3339 πρδ
1014 3253 1074 3318 τοῦ
1089 3251 1189 3318 καλοῦ

498 3367 556 3457 ζῆν
572 3366 694 3442 παῖδας
716 3363 839 3432 εἵλοντο
861 3364 916 3430 καὶ
934 3355 1121 3455 παρῄνεσαν
1139 3355 1230 3431 κακά.

273 3482 439 3550 Neoclius
464 3488 589 3548 auctore
611 3478 782 3546 Metthiaco
798 3479 936 3565 reposuit
948 3470 1063 3545 εἵλοντ’
1079 3469 1114 3566 ἧι
1137 3500 1307 3566 perperam,
1332 3483 1370 3546 ni

228 3599 338 3678 fallor3
359 3620 432 3663 nam
448 3598 617 3676 sententia,
636 3598 669 3661 in
693 3619 754 3681 qna
775 3592 828 3658 καὶ
852 3595 1130 3659 commodissimum
1144 3602 1208 3674 est,
1228 3596 1281 3660 vix
1302 3595 1371 3661 fert

228 3714 369 3802 copulam
395 3713 633 3789 disiunctivam,
672 3734 750 3797 quae
770 3733 822 3796 per
846 3710 930 3774 illam
956 3711 1163 3775 coniecturam
1195 3709 1283 3774 illata
1306 3719 1369 3778 est.

228 3829 286 3894 Vel
299 3830 404 3895 minue
425 3829 527 3916 placet
550 3827 626 3892 mihi
651 3825 821 3892 Hermanni
847 3827 1007 3904 correctio,
1030 3822 1151 3893 ei'tovt'
1172 3818 1209 3890 αἳ
1224 3825 1369 3890 scriben-

228 3946 302 4010 dum
324 3967 389 4010 erse
412 3944 630 4020 coniicicntis,
653 3965 731 4029 quac
753 3947 874 4028 recepta
896 3947 943 4006 est
967 3965 983 4004 a
1022 3941 1175 4030 Wagnero
1203 3941 1254 4025 (fr.
1271 3943 1367 4026 353).

226 4060 378 4146 Equidem
399 4060 589 4147 scripserim:

433 4171 488 4261 ζῆν
504 4169 598 4241 τέκν’
617 4169 740 4237 εἵλοντο
760 4167 812 4235 καὶ
834 4159 1019 4258 παρῄνεσαν
1038 4159 1127 4234 κακά.

225 4289 293 4366 vel,
316 4287 398 4373 qnod
411 4288 473 4352 fere
496 4286 621 4363 malim,
639 4292 757 4350 resecto
782 4283 931 4350 vocabulo
955 4281 1019 4373 ζῆν,
1041 4284 1123 4368 quod
1147 4281 1236 4347 facile
1260 4305 1277 4346 a
1297 4281 1364 4347 lec-

224 4410 291 4470 tore
313 4402 534 4490 interpretandi
557 4401 659 4488 gratie
682 4401 754 4465 addi
780 4399 930 4486 potuerit,
953 4399 1016 4464 sic:
