2964 5160
623 465 685 528 109

134 623 191 689 Vs.
203 628 285 693 390:
307 631 368 694 Δεῖ
385 651 437 695 τοι
454 628 491 694 σὲ
509 625 679 720 φεύγειν
698 631 780 704 nocui
800 634 919 724 νόμους
934 634 1012 718 τούς
1029 645 1175 726 οἴκοθεν,

308 729 354 815 ὦς
375 736 430 806 υύκ
450 731 560 826 ’έχουσι
579 749 676 835 κῦρος
696 747 789 817 οὐδὲν
808 745 897 838 α’μφὶ
915 753 985 819 σού.

83 855 156 917 Aut
176 853 258 919 inter
278 851 335 918 hos
370 876 473 922 versus
497 880 617 926 vorsum
644 863 840 931 intercidisse
870 867 1051 946 statuerim,
1082 876 1136 934 aut
1166 891 1221 956 pro

83 956 224 1054 φεύγειν
248 969 479 1037 rescribendum
503 997 569 1040 esse
589 975 725 1064 φαίνειν.

135 1079 191 1145 Vs.
215 1083 294 1148 393:
655 1081 833 1177 ύτιαςρον
853 1089 890 1156 δέ
905 1114 957 1157 τοι

336 1195 445 1286 μῆχαρ
467 1188 622 1286 ὁρίζομαι
641 1191 746 1286 γόμου
764 1193 954 1292 δύσφρονος
1074 1230 1076 1234 ·

339 1309 454 1396 φυγᾷ.
475 1302 650 1396 Ξύμμαχου
669 1303 700 1377 δ’
719 1302 872 1397 ἐλόμενος
890 1313 982 1381 δίκαν

337 1423 424 1508 κρῖνε
439 1418 538 1505 σέβας
555 1417 598 1491 το’
612 1417 699 1511 πρὸς
717 1424 816 1488 θεοῖν.
850 1469 853 1478 .

81 1531 250 1618 Suspicor:
273 1525 462 1619 ὕπαρχον
481 1533 510 1600 δ.
530 1558 558 1600 τ.
583 1561 618 1619 μ.
639 1526 668 1601 ό.
694 1558 721 1620 γ.
749 1526 955 1624 δύσφρονος,
987 1529 1128 1626 φυγάν.
1152 1541 1172 1604 i.
1196 1563 1220 1606 e

80 1647 169 1732 quod
181 1653 283 1709 cotem
305 1653 403 1710 rescat
419 1647 496 1711 miti
506 1650 700 1732 μναειῖδῖιιυι
717 1658 824 1715 contro
846 1652 967 1716 ύκυὶιαι
982 1655 1123 1736 nuptiae,
1152 1657 1221 1720 coil.

80 1769 121 1827 ut
137 1759 261 1826 courum
277 1761 390 1840 διὐαυι,
417 1764 453 1828 id
465 1766 591 1848 arripio.
609 1765 731 1853 Μῆχαρ
755 1787 828 1831 cum
854 1767 1002 1832 Genitivo
1019 1771 1222 1850 construitur,

83 1882 122 1942 ut
141 1880 203 1964 Ag.
227 1879 290 1943 192
315 1874 481 1961 Χεῖματος
501 1869 579 1944 ἄλλο
601 1882 718 1970 μῆχαρ.
749 1882 797 1947 Oi.
826 1879 933 1970 Eurip.
961 1883 1108 1950 Androm.
1137 1887 1199 1952 537
1212 1911 1220 1966 ;

81 1991 205 2058 Herod.
229 1994 286 2072 II,
311 1995 391 2071 181,
414 1991 474 2069 IV,
498 1995 577 2072 151;
605 1993 696 2060 Hom.
723 1996 763 2061 11.
786 1998 856 2074 IX,
877 2001 952 2063 349.

131 2108 189 2172 Vs.
211 2111 291 2174 400:
714 2103 826 2198 μήκαὶ
846 2108 927 2176 ποτὲ

293 2220 373 2307 εἴπῃ
388 2212 489 2301 λεώς,
511 2224 544 2286 et*
559 2213 625 2288 πού
642 2247 674 2289 τι
689 2215 742 2313 μή
761 2226 871 2288 τοῖον
889 2215 1001 2308 τύχοι,

294 2326 459 2420 ἐπήλυδας
479 2333 582 2417 τιμιιῑν
603 2324 779 2410 ἀπώλεσας
801 2325 904 2401 πόλιν.

80 2445 185 2515 codd.
209 2445 241 2511 εῖ
261 2434 327 2510 ιτού
347 2466 380 2509 τι
398 2445 462 2508 καὶ
484 2436 534 2532 μή
556 2449 667 2511 τοῖον
686 2437 794 2530 τύχοι,
816 2447 900 2512 unde
923 2450 1030 2514 nescio
1056 2472 1096 2514 en
1116 2473 1219 2538 proes-

80 2569 147 2642 tet,
170 2559 253 2647 qnod
275 2556 334 2623 huc
360 2557 394 2622 in
422 2580 454 2622 re
477 2557 626 2624 sollemne
643 2566 710 2635 est,
732 2583 895 2648 reponere:
926 2563 959 2628 εἲ
978 2554 1045 2629 πού
1065 2587 1098 2631 τι
1127 2555 1218 2628 κύλ-

80 2677 196 2743 λοῖον
214 2663 316 2757 τύχοι.
338 2671 506 2760 Vulgutum
526 2674 749 2760 interpretibus
773 2676 876 2742 deberi
900 2677 1050 2763 suspicor.

133 2791 190 2857 Vs.
216 2792 296 2854 405:
318 2785 351 2854 ri
384 2782 479 2853 τῶνδ’
507 2787 542 2867 ἐξ
564 2791 639 2854 ἰ’σου
662 2788 865 2877 ῥεπομένων
887 2789 1078 2875 μεταλγεῖς
1104 2783 1143 2856 τό
1168 2789 1219 2857 dt-

79 2928 177 2971 καιον
190 2899 288 2990 ἔρξαι.
307 2902 529 2986 Reponcndum
546 2908 600 2968 aut
613 2895 696 2989 μέγ’
716 2898 825 2989 α’λγεῖς
847 2910 918 2983 aut,
931 2903 1012 2990 quod
1024 2904 1088 2968 fero
1103 2906 1218 2984 malim,

82 3016 281 3102 καταλγεῖς.
303 3016 463 3082 Praetereo
479 3026 656 3104 suspectum
673 3016 769 3082 habeo
786 3019 916 3085 formum
940 3020 1093 3106 passivum
1117 3021 1219 3109 ῥεπο-

81 3129 212 3213 μένωνΡ
233 3131 379 3218 Cogitavi
415 3132 453 3198 do
484 3130 687 3221 φερομένων
717 3141 749 3199 et
786 3133 823 3198 de
845 3133 1055 3219 νεμομένων,
1088 3155 1218 3220 quorum

83 3251 253 3330 utrumque
274 3248 308 3310 in
336 3246 393 3312 hec
419 3248 572 3314 sententie
599 3247 701 3314 locum
730 3248 839 3315 habere
870 3252 1015 3337 potuerit.

133 3360 189 3425 Vs.
215 3365 278 3426 417
289 3387 295 3427 :
320 3363 406 3430 Μῶν
429 3359 468 3429 ου’
485 3364 573 3429 δοκεῖ
592 3363 659 3428 δεῖν
676 3362 855 3452 φροντίδος
871 3362 1051 3453 σωτηρῖυυ;
1072 3363 1220 3430 Deleetur

84 3499 131 3541 vs.
156 3475 304 3554 soloecon,
329 3477 496 3566 languidus
520 3484 551 3542 et
576 3478 721 3562 imperite
748 3477 841 3542 fictus
867 3500 884 3542 c
906 3500 950 3543 vs.
977 3483 1053 3545 40⁷.

134 3593 189 3657 Vs.
210 3597 292 3658 439:
316 3584 337 3682 ἢ
357 3596 459 3658 τοῖσιν
475 3583 580 3680 ἢτοῖς
597 3581 742 3672 πόλεμον
754 3590 914 3679 αῖρεσδαι
926 3589 1025 3676 μέγαν

314 3695 395 3770 πᾶσ’
417 3695 463 3783 ε”ς’
485 3695 622 3792 α’νόγκιγ·
637 3700 692 3768 καὶ
707 3693 917 3790 γεγόμφωται
938 3695 1067 3790 σκύφος

314 3815 485 3905 ςρέβλαισι
500 3819 697 3881 ναυτικαῖσιν
716 3805 763 3888 ιύς
780 3811 1013 3904 τιροσηρμένον.

85 3931 228 3998 Perdidit
257 3954 350 4019 provo
379 3925 723 4018 interpungendi'ratio
750 3953 873 3996 sensum
897 3929 991 3994 huius
1019 3926 1090 3993 loci.
1118 3928 1220 4018 Lege:

84 4038 176 4113 Hoio'
186 4037 234 4126 ig'
246 4036 365 4134 οἷυύγκη
381 4044 436 4111 καὶ
445 4036 666 4133 γεγόμφωται,
686 4033 814 4133 σκύφος
831 4043 894 4110 κτὲ.
913 4045 959 4110 cf.
972 4065 1016 4109 vs.
1029 4047 1108 4110 944:
1127 4035 1223 4110 τοῖνδ’

84 4148 252 4246 ἐφήλωται
264 4148 418 4246 γόμφος
435 4150 590 4243 διαμπάξ,
608 4147 661 4231 ὠς
675 4151 804 4240 μένειν
826 4147 1006 4246 οἷραρότως,
1023 4158 1076 4224 ubi
1092 4160 1222 4226 fortasse

85 4277 237 4359 praestet:
281 4263 345 4349 τός’
373 4260 391 4335 ἕ
396 4292 480 4354 χειν
518 4260 700 4358 οἷραρότως.
746 4269 838 4335 Volet
860 4277 971 4338 ,autem
1012 4268 1222 4362 γεγόμφωται

85 4391 168 4456 idem
191 4392 253 4455 fere
275 4386 358 4472 quod
383 4374 485 4474 δι’ραρε
507 4407 530 4448 s.
554 4373 725 4469 οἷραρότως
742 4375 818 4467 ἐ’χει.
