2990 5156
840 433 882 495 82

298 603 393 668 etiam
410 603 576 669 ditioribus
587 602 618 669 in
631 603 744 692 vulgus
767 608 899 671 constat.
924 601 1016 670 Unde
1039 605 1176 691 suspicio
1200 605 1274 670 mihi
1300 606 1419 673 subnata

299 725 361 797 est,
396 741 433 785 an
468 720 547 785 forte
566 717 752 806 Lycophron
784 722 961 807 scripserit:

450 831 579 922 θέρμος
598 825 742 924 πενήτων
760 832 814 900 καὶ
833 825 1033 924 τριβώνων
1054 825 1231 923 συμπότης.

341 947 473 1012 Constat
496 949 576 1013 enim
599 941 656 1014 τόν
681 948 825 1034 τρίβωνα
846 951 943 1014 fuisse
976 947 1167 1036 philosophis
1190 948 1270 1036 apud
1294 949 1419 1014 Graecos

295 1063 463 1150 proprium.
504 1063 606 1136 Quam
650 1066 857 1130 coniecturam
899 1088 958 1130 non
996 1087 1102 1151 parum
1138 1062 1325 1130 confirmant
1361 1066 1419 1150 ipsa

295 1176 446 1244 Athenaei
477 1179 585 1257 verba,
621 1201 699 1265 qnae
723 1179 776 1245 lib.
800 1179 853 1258 ΙΙ,
888 1201 916 1267 p.
949 1180 1044 1245 551)
1072 1179 1210 1246 versibus
1237 1181 1417 1266 praemittit:

293 1283 483 1380 Λυκόφρων
504 1285 522 1358 ὁ
545 1285 726 1368 >cataronis
746 1292 778 1358 ἐν
798 1293 962 1381 σατυρικῷ
982 1288 1138 1381 δράματι,
1171 1287 1191 1360 ii
1220 1291 1287 1360 ε’τιὶ
1316 1319 1418 1360 κατα-

292 1395 465 1493 μωκήσει
488 1400 662 1491 ἔγραψεν
684 1399 742 1480 εἰς
764 1404 998 1494 Μενέδημον
1017 1398 1081 1471 τόν
1103 1395 1345 1498 φιλόσοφον,
1368 1399 1419 1495 ἀφ’

292 1505 332 1580 οὗ
363 1505 383 1605 ἡ
412 1519 475 1582 τῶν
505 1509 687 1606 Ἐρετρικῶν
716 1508 896 1605 ιδνομόσθη
916 1495 1068 1606 αἵρεσις,
1101 1509 1361 1584 διασκώπτων
1380 1513 1418 1584 coi

291 1626 367 1692 cciv
389 1621 630 1718 φιλοσόφων
650 1619 792 1694 δεῖπνά
814 1649 910 1716 φησι,
934 1627 988 1694 καὶ
1010 1623 1198 1716 δημόκοινος
1216 1627 1280 1695 xci.

335 1741 373 1806 Iu
408 1747 497 1831 poeta
531 1747 634 1809 autem
669 1741 897 1819 Alexandrino,
931 1745 968 1807 ut
991 1742 1140 1821 arbitror,
1169 1765 1259 1808 nemo
1289 1744 1417 1830 requiret

290 1860 516 1927 observantiam
540 1881 651 1945 pausae
674 1857 883 1922 Personianae
904 1881 982 1944 quae
1006 1858 1130 1925 dicitur.

335 1976 446 2042 Obiter
466 1973 518 2038 bic
549 1973 705 2038 notandus
736 1977 783 2038 est
806 1975 907 2061 turpis
929 1995 1026 2052 error,
1051 1995 1139 2060 quenr
1164 1975 1247 2040 inter
1269 1975 1413 2062 plurimos

289 2091 365 2155 alios
397 2091 618 2156 commiserunt
640 2087 729 2155 Fred.
751 2091 819 2156 Car.
841 2091 934 2154 Kraft
957 2095 988 2154 et
1011 2091 1105 2156 Corn.
1130 2087 1249 2156 Miiller
1270 2091 1303 2154 in
1325 2089 1415 2167 libro,

288 2208 340 2292 qui
376 2205 561 2270 inscribitur
592 2203 940 2270 Rari-Schul-Lexicon
965 2206 1015 2270 'sic
1048 2205 1217 2270 scribentes
1241 2207 1273 2269 in
1298 2227 1326 2271 v.
1348 2205 1414 2272 Mn·

287 2343 445 2390 namneus
487 2323 554 2386 nIn
587 2319 657 2385 sehr
687 2319 984 2385 freundscbaftlicbe
1015 2321 1251 2387 Verbaltnissen
1272 2322 1361 2388 stand
1384 2343 1413 2386 er

284 2437 343 2504 mit
354 2439 480 2514 Aratus,
499 2435 688 2523 Lycophron
701 2457 731 2500 u.
753 2436 938 2522 Antagores.
962 2435 1150 2524 Lycophron
1175 2434 1234 2501 soll
1257 2434 1313 2502 ibn
1329 2457 1413 2523 sogar

285 2576 354 2619 anm
379 2551 599 2641 Gegenstande
620 2553 704 2616 eines
724 2550 917 2636 satyrischen
941 2551 1082 2616 Drama's
1105 2552 1249 2639 gemacht
1261 2551 1366 2631 habau,
1380 2552 1412 2615 ι’νι

284 2672 351 2734 δατ
373 2691 406 2733 ον
425 2669 527 2752 ροδοδι
549 2666 692 2743 ωανδο”,
715 2667 776 2732 nisi
800 2668 879 2731 forte
903 2667 1024 2731 credere
1041 2667 1137 2732 mavis
1154 2666 1332 2732 duumviros
1344 2666 1411 2731 doc·

284 2783 431 2859 tissimus,
459 2783 512 2867 qui
535 2783 692 2868 egregium
716 2781 803 2846 illum
828 2781 938 2847 librum
964 2782 1137 2846 iuventutis
1158 2782 1190 2845 in
1208 2805 1297 2846 usum
1314 2781 1409 2845 edide-

283 2903 373 2975 runt,
405 2895 565 2983 scripsisse
599 2899 660 2959 ον’νν
689 2897 753 2960 δοκι
784 2919 817 2960 cr
845 2902 1013 2981 oersptttet
1035 2899 1176 2975 merdam
1201 2902 1231 2960 et
1254 2896 1407 2962 lectionem

283 3014 439 3100 vulgatam
464 3011 693 3099 typothetarum
719 3010 822 3076 deberi
847 3012 993 3076 incuriae.

326 3437 413 3504 Stob.
435 3435 499 3513 IX,
513 3441 548 3502 tl
570 3425 752 3524 Φιλήμονος
771 3433 805 3500 ἐν
825 3424 1026 3522 Παλαμήδει.
1047 3435 1226 3518 (Ρδδδὶιαιο
1245 3433 1405 3500 Palamede

281 3553 443 3639 Grotius):

485 3664 545 3729 τοῦ
564 3654 626 3749 γαρ
647 3659 773 3728 δικαίου
794 3652 852 3726 κοῖν
870 3663 1020 3748 βροτοῖσι
1038 3659 1095 3728 κόν
1115 3666 1211 3738 θεοῖς

487 3765 653 3846 ἀθάνατος
674 3764 728 3838 eici
749 3765 829 3854 δόξα
847 3772 988 3838 διατελεῖ
1007 3765 1135 3858 μόνον.

326 3889 426 3957 Oodd.
450 3895 480 3956 et
501 3888 570 3954 edd.
591 3878 704 3969 μόνον,
728 3888 810 3972 quod
835 3890 961 3952 correxi.

783 4169 922 4180 ...nn—n-
