2990 5156
787 381 829 445 24

284 553 356 620 Non
381 556 509 644 expedio
533 580 652 624 versum
677 579 693 623 e
717 558 865 624 Ptocdro
884 558 1054 648 Sophoclea
1078 561 1157 651 apud
1183 559 1319 650 Hesych.
1342 559 1375 626 iu

238 695 306 738 voc.
331 671 516 740 Κυλλαίνοιν
535 665 643 740 udam·

446 777 543 852 ἔσοιτ’
564 781 616 853 ἐπ’
633 780 678 856 οῦ
684 782 754 879 ρῦν
775 778 855 856 ιῦτα
871 787 1050 858 ,κυίλαίνιον
1061 783 1159 859 nciam.

280 899 452 968 Abrensius
476 902 556 989 apud
583 903 746 970 Didotium
772 903 916 992 religiose
939 907 1047 972 vertit:
1071 910 1115 972 od
1135 910 1265 974 rumdam
1286 931 1380 974 οιινιι

235 1021 451 1084 demittentem.
476 1019 608 1084 Minime
632 1044 711 1108 nego
735 1022 800 1086 fieri
824 1023 977 1108 potuisse,
1001 1023 1297 1112 utipseAhrensius
1313 1031 1377 1091 tam

234 1135 312 1201 mira
334 1137 436 1224 specie
453 1135 566 1200 animal
582 1136 682 1201 oculis
699 1138 763 1202 suis
782 1139 994 1224 conspexerim
1017 1139 1110 1218 mihi,
1128 1142 1179 1206 oui
1199 1141 1261 1207 tale
1273 1165 1378 1207 mous·

235 1255 317 1317 trum
334 1253 438 1319 videre
453 1252 590 1317 nondum
608 1254 791 1341 contigerit,
815 1254 907 1320 liceat
931 1257 1100 1344 corrigere:

328 1404 335 1420 ι
443 1361 581 1432 ἔσαινεν
605 1359 705 1455 οῦρᾷ
729 1356 830 1434 τοίτε
856 1368 1031 1436 κολίαίνιυν
1057 1361 1158 1453 κάτω,

234 1484 265 1546 et
288 1481 334 1546 sic
356 1481 417 1545 iam
452 1481 572 1568 aliquot
604 1480 719 1546 abhinc
743 1482 896 1548 aetatibus
927 1506 1079 1550 summum
1105 1485 1377 1553 Hemsterhusium
1492 1517 1493 1578 ρ

236 1598 405 1664 coniecisse
439 1598 546 1676 video,
578 1599 639 1663 nisi
671 1599 754 1685 quod
779 1599 881 1666 miuus
904 1605 987 1666 recte
1010 1587 1099 1666 voitu
1122 1603 1218 1668 scribi
1241 1603 1378 1671 iusserit.
1492 1625 1493 1680 1

235 1715 343 1781 Codex
374 1713 482 1781 habet:

486 1818 956 1920 ῦσταιεπουρανῶτικυθίῦννων
976 1829 1031 1897 καί
1049 1821 1098 1899 τό.

280 2191 397 2257 Versus
428 2215 465 2258 ex
489 2192 594 2258 eodem
619 2192 755 2260 dramate
779 2194 859 2282 apud
884 2195 971 2264 Stob.
995 2195 1062 2264 CV.
1092 2201 1136 2266 39
1158 2201 1204 2265 sic
1233 2199 1377 2268 videntur

234 2307 379 2396 legendi:

391 2414 418 2486 oi
425 2439 443 2494 ς
460 2411 672 2506 εὐτυχοῦντα,
693 2414 836 2501 πάντας
861 2416 1078 2518 ἀριθμήσας,
1109 2430 1239 2519 βροτῶν

393 2558 452 2600 ουκ
478 2529 564 2602 ἔστιν
588 2527 690 2612 ῦντως
715 2529 809 2604 ὅντιν’
833 2529 983 2628 εῦρήσεις
1003 2538 1066 2607 ἕνα.

283 2647 401 2738 (Vulgo
417 2640 461 2716 τῦ
482 2646 511 2716 d'
522 2643 718 2734 εὐτυχοῦντα
734 2640 828 2716 πάντ’
838 2641 965 2741 doetus}
971 2673 1039 2720 σαι
1058 2652 1136 2741 κτὲ.)
1150 2657 1170 2722 i.
1181 2679 1205 2722 c.
1217 2659 1330 2746 quippe
1343 2660 1376 2722 ῦιι

233 2771 375 2834 uniuerso
398 2768 574 2832 mortalium
593 2789 715 2831 mmmcro
734 2770 884 2834 nemmem
896 2789 991 2832 mamm
1005 2771 1214 2852 catafaticam
1230 2775 1378 2841 inueniet.

233 2872 438 2973 Ἀριθριὴσας
471 2887 518 2948 est
551 2884 681 2948 Ionicus
716 2905 733 2946 a
767 2883 902 2962 minore,
937 2885 1193 2968 quemadmodum
1232 2881 1380 2979 ἀριθμός

232 2997 409 3086 tribrachys
421 3005 467 3064 est
479 3023 506 3065 v.
523 3019 548 3064 c.
562 3021 607 3086 ap.
620 2999 728 3085 Earip.
742 2999 854 3064 Troad.
867 2999 942 3065 476:
954 2994 1012 3064 οῦκ
1026 2990 1171 3090 ῦριθμῦν
1190 2992 1297 3078 ἄλλως
1314 2999 1377 3070 ma.

234 3113 281 3180 Ut
304 3137 374 3180 vero
397 3114 498 3181 locum
526 3115 663 3192 correxi,
688 3116 871 3180 sententiam
889 3114 1048 3181 relativam
1064 3137 1130 3181 esse
1146 3139 1321 3205 suspensam
1340 3115 1378 3181 ab

234 3231 292 3312 iis,
315 3255 392 3319 qnae
420 3230 501 3318 apud
527 3230 712 3318 Sophoclem
739 3223 973 3318 praecederent,
997 3209 1211 3318 vixcstqnod
1228 3255 1377 3298 moneam.

728 3436 872 3452 ι..-

279 3599 363 3666 Satis
390 3599 494 3664 mirari
518 3621 636 3685 nequeo
660 3598 698 3663 ab
723 3595 883 3674 omuibus,
919 3602 995 3682 quot
1018 3597 1128 3675 sciam,
1151 3597 1322 3664 editoribus
1345 3604 1377 3665 et

234 3715 268 3780 in
292 3715 341 3781 his
364 3739 382 3780 a
406 3715 553 3782 Nauokio
583 3737 704 3801 quoque
732 3714 897 3780 lectionem
929 3718 1031 3801 aperte
1064 3714 1171 3779 falsam
1195 3713 1265 3793 alii,
1300 3737 1378 3800 quae

235 3854 341 3897 omnes
360 3854 502 3897 numeros
526 3832 666 3897 veritatis
688 3830 795 3908 habet,
811 3830 977 3917 praelatam
990 3853 1055 3895 esse
1070 3831 1103 3895 in
1114 3792 1377 3918 praecliaroAteo-

235 3951 343 4014 durum
368 3949 477 4036 fragm.
503 3947 593 4036 apud.
615 3946 703 4013 Stob.
729 3947 824 4026 XCI,
855 3951 918 4012 ut:
1047 3923 1049 3930 ,

437 4053 486 4128 Toi
507 4053 643 4150 χρήματ’
671 4052 898 4150 ἀνθρώποισιν
913 4053 1053 4148 εὑρίσκει
1074 4056 1208 4148 φίλους,

434 4161 535 4249 αὖθις
555 4171 592 4240 δὲ
610 4163 724 4256 τιμάς,
746 4167 816 4240 εἶτα
834 4175 893 4262 τῆς
908 4161 1093 4260 ῦττερτῦτης

433 4283 623 4374 τυραννίδος
642 4287 796 4352 θανοῦσιν
821 4283 1027 4373 αἰσχίστην
1045 4280 1143 4372 ἕδραν
1164 4282 1227 4351 nt.

281 4400 463 4468 Laudentur
493 4422 547 4487 par
580 4405 682 4467 totum
716 4400 818 4466 locum
850 4401 1029 4468 divitiarum
1063 4398 1246 4489 privilegia,
1280 4422 1378 4486 qnare
