2964 5160
613 447 675 514 167

91 623 243 704 postquam
268 618 341 684 haec
369 621 490 708 scripsi,
518 622 609 688 video
631 624 711 689 idem
731 623 788 689 iam
814 623 967 710 placuisse
1001 625 1151 692 Dobracc.
1174 627 1217 692 nt
1278 711 1283 721 Α

90 733 198 818 optimo
220 735 288 800 inre
309 735 449 820 quidem
469 743 543 804 aunt
564 739 644 804 enim
669 738 759 826 plane
778 739 919 806 ridicula.

119 844 142 974 'l
175 851 238 911 243
280 854 351 936 post
395 842 575 920 ἀσθενοῦσι
604 850 663 936 μίν
701 855 770 921 dela
802 857 1109 944 interpretamentum
1144 859 1217 932 τοῖς

89 980 262 1042 καμνοοσιν.

128 1401 175 1466 Dn
199 1403 312 1470 Pansa
335 1407 531 1474 Lunanrouu
555 1420 568 1495 ι
590 1412 653 1475 97:
686 1412 738 1475 νῦν
768 1401 799 1475 δ’
829 1400 921 1494 οἶμαι
949 1409 1081 1476 πολλῶν
1112 1412 1218 1489 αίτως

87 1501 184 1590 σύτσς.
205 1518 283 1585 Post
303 1519 432 1586 πολλῶν
451 1525 594 1611 suspicor
623 1525 777 1592 excidisse
799 1523 959 1592 vocabuli:
992 1521 1057 1588 καὶ
1085 1525 1216 1592 κακῶν»

86 1627 217 1700 Plurima
255 1641 303 1702 est
331 1635 360 1702 h.
385 1636 404 1704 Ι.
426 1639 460 1703 in
483 1640 542 1706 MS
573 1642 706 1708 varietas
739 1639 870 1708 πολλῶν
897 1637 1002 1714 αἴτιος
1024 1627 1121 1711 οὗτος
1147 1639 1215 1704 ΣΦ.

88 1745 137 1810 Sed
160 1752 190 1812 Σ
209 1750 272 1818 ίιιιίι
302 1754 335 1818 in
362 1775 422 1841 mg.
441 1776 492 1841 χρ.
513 1753 645 1821 πολλῶν
660 1755 765 1822 κακῶν
786 1744 882 1828 οὗτος
904 1754 1018 1826 αίτιος.
1039 1750 1159 1818 Coutru
1182 1753 1214 1815 iu

89 1859 126 1925 ll:
143 1883 193 1948 χρ.
214 1864 344 1931 πολλῶν
356 1858 462 1932 ἀλλων
481 1864 529 1939 ἐςι
546 1868 649 1932 κακῶν
663 1867 769 1942 αἴτιος
784 1857 891 1942 οὗτος.
913 1867 1107 1932 Deteriornm
1120 1866 1216 1934 libro·

86 1995 144 2040 mm
187 1979 359 2066 scripturas
399 1980 511 2046 addere
551 1980 632 2064 nihil
656 1981 777 2048 attinet.

122 2099 134 2174 t
157 2095 220 2158 113
245 2093 313 2159 dele
335 2095 596 2184 supplementum:
619 2092 686 2162 ἀλλ’
706 2093 866 2184 Αἰσχίνης
885 2090 1008 2163 οὑτοσί.

123 2212 134 2285 t
159 2210 239 2273 119:
265 2199 354 2272 ταῦτ’
374 2202 448 2294 ούχί
467 2211 534 2296 βοᾷ
554 2209 622 2286 [καὶ
641 2207 740 2295 λέχει]
761 2202 813 2275 ὅτι
832 2205 897 2274 nri.

122 2322 208 2396 §115
220 2348 227 2389 :
239 2314 355 2410 ἐπειδή
370 2319 398 2387 δ’
416 2313 633 2388 ἀπολώλεσαν
652 2322 686 2388 οἱ
707 2322 825 2409 Φωκῆς
846 2314 963 2409 ύςερον
984 2317 1117 2408 ἡμέραις
1128 2309 1217 2385 πέντ’

83 2424 158 2518 ἢὲξ,
179 2435 234 2502 καί
255 2433 349 2510 τέλος
369 2424 436 2519 εἶχε
453 2429 491 2500 cn*
505 2433 667 2518 μίσθωμα
688 2429 823 2519 ῶσπερ
843 2427 885 2497 ἀν
905 2425 998 2499 ἀλλο
1020 2456 1058 2496 τι
1075 2422 1214 2516 τούτῳ,

82 2545 131 2610 καὶ
149 2539 168 2614 ὁ
189 2547 354 2636 Δέρκολσς
369 2543 432 2612 xci.
443 2548 558 2614 Latere
569 2549 726 2634 suspicor:
737 2546 792 2612 καλ
805 2542 898 2620 τέλος
911 2537 979 2626 εἶχε
992 2539 1030 2608 τύ
1042 2541 1214 2625 μίσθωμα,

83 2650 212 2748 ῶσπερ
234 2652 278 2725 ἀν
299 2654 504 2748 ἐρχολάβῳ
524 2685 611 2740 τινι,
632 2658 802 2744 τουτῳί,
824 2654 970 2738 καὶκαὶ,
991 2680 1069 2744 quae
1080 2659 1126 2724 sic
1146 2679 1214 2723 cor·
1340 2730 1342 2733 v

82 2778 159 2838 recta
182 2774 351 2861 interprete
373 2798 435 2841 non
458 2780 558 2864 egent.

122 2889 134 2962 i
158 2890 245 2956 136:
268 2882 313 2963 ῶς
336 2881 431 2972 ὁμὲν
451 2891 556 2978 δῆμος
579 2887 643 2961 ἕςιν
672 2877 943 2976 ἀςαθμῃτότατον
981 2887 1118 2976 πρᾶγμα
1145 2887 1215 2976 τῶν

81 2993 202 3068 πάντων
221 3001 277 3068 καί
297 2993 565 3068 ἀσυνθετώτατον
586 2993 702 3089 ῶσπερ
721 3021 754 3066 ιν
782 2991 932 3088 θαλάττῃ
962 3002 1087 3083 πνεῦμα
1117 3001 1214 3088 (κῦμα

82 3112 201 3192 Murkl.)
237 3104 436 3194 ἀκατάςατον
467 3108 512 3189 ῶς
539 3107 579 3178 tv
597 3104 679 3200 τύχῃ
704 3104 895 3196 κινούμενον.
929 3114 1041 3178 Mirum
1064 3117 1212 3199 quautam

82 3249 145 3294 cum
176 3230 228 3297 his
272 3228 507 3296 similitudinem
553 3229 690 3294 referunt
724 3227 815 3294 verba
848 3230 960 3294 incerti
994 3233 1100 3316 poetae
1129 3226 1212 3314 apud

81 3343 170 3412 Dion.
193 3345 304 3431 Chrys.
326 3348 380 3412 Or·
404 3345 540 3410 XXXII
563 3367 592 3432 p.
613 3346 679 3410 664
699 3344 746 3410 ed.
765 3344 893 3424 ueisk„
914 3366 994 3429 quae
1016 3343 1108 3410 verbu
1131 3343 1212 3408 Mei·

80 3460 184 3527 nekius
210 3462 258 3528 sic
285 3461 451 3527 coustituit
474 3461 507 3526 iu
531 3461 653 3548 Fragm.
677 3482 753 3526 com.
778 3462 886 3527 Graec.
911 3466 977 3526 tom
1001 3461 1051 3526 IV
1075 3482 1104 3547 p.
1129 3459 1211 3525 615:

754 3574 858 3660 δῆμος
878 3565 996 3645 ἀςατον
1015 3568 1109 3640 κακόν

176 3685 231 3753 καί
250 3676 398 3772 θαλάττῃ
418 3674 520 3750 πάνθ’
539 3678 653 3767 ὅμοιον
674 3676 730 3750 ὑπ’
749 3681 868 3768 ἀνέμου
891 3685 1057 3774 ῥιπίζεται

176 3798 232 3864 καὶ
251 3791 386 3885 γαληνὸς
406 3787 475 3863 ἐντ’
494 3788 572 3883 ἠχῶ
593 3789 679 3886 πρὸς
699 3797 828 3881 πνεάμα
847 3791 955 3886 βραχύ
975 3793 1168 3886 κορύσσεται

177 3901 235 3998 κῆν
253 3931 303 3984 τις
324 3907 414 3976 αἰτία
432 3907 560 3997 γένηται
578 3903 635 3975 τόν
653 3907 790 3998 πολίτην
809 3908 968 3976 κατέπιεν.

122 4021 192 4094 Quo
208 4023 278 4090 loco
297 4046 360 4088 non
379 4013 516 4104 ἐντυχών
536 4045 606 4088 cum
627 4025 794 4103 Meinekic‚
814 4024 866 4089 sed
887 4015 926 4088 ἀν
944 4013 1024 4108 τύχῃ
1044 4022 1208 4110 legendum

80 4153 160 4212 csse,
190 4139 292 4224 quivis
315 4138 405 4204 facile
429 4139 504 4204 mihi
536 4139 693 4205 concedat.
728 4142 871 4207 Ceterum
906 4138 954 4204 vel
996 4140 1043 4205 sic
1077 4139 1208 4205 correcti

82 4268 181 4318 versus
205 4255 341 4321 mendosi
368 4261 450 4320 sunt.

123 4367 326 4439 subnascitur
338 4375 438 4436 autem
459 4367 533 4435 mihi
557 4393 609 4436 ecs
628 4372 815 4458 comparanti
841 4394 910 4437 cum
935 4371 1004 4438 luco
1025 4368 1207 4437 Demosthe·
