2990 5156
800 390 823 459 4

249 562 279 639 ⁷,
304 561 360 649 514)
385 585 511 630 vocasse
532 564 682 650 suspicor.
711 564 844 632 Rectius
867 589 989 655 quoque
1011 591 1162 636 venenum
1185 590 1276 658 qnam
1299 572 1391 641 ιιίιιιε

249 674 309 761 (sio
325 676 407 744 enim
429 674 564 769 ἐίιφυοιν
584 679 843 769 interpretantur)
866 675 1033 768 propende
1055 685 1119 752 dini
1132 708 1222 775 posse
1233 687 1391 757 existimo.

745 887 887 903 m

290 1023 395 1091 Sohol.
411 1026 505 1094 Pind.
521 1028 614 1114 Pyth.
630 1031 703 1110 ΙΙΙ,
722 1035 780 1099 2⁷:
803 1023 842 1099 sd
862 1022 1147 1121 ὖποκουρίζεσθαι
1166 1023 1297 1109 αόιδαῖς
1317 1027 1392 1099 εἰπε

247 1131 302 1205 dani
320 1133 360 1206 τὸ
379 1134 458 1218 τοίς
477 1134 654 1228 ὑμνοῦντας
673 1141 999 1236 ἐπευφημιζομένους
1029 1143 1131 1232 λέγειν
1159 1138 1231 1211 οὐν
1254 1135 1392 1235 κόροις

246 1275 287 1320 τε
307 1252 374 1330 καί
392 1244 541 1344 κόραις.
566 1247 730 1343 Αἰσχύλος
749 1259 906 1328 Δαναίσι·

400 1357 528 1434 κᾶπειτ’
546 1359 650 1438 έίνεισι
670 1347 829 1460 λαμπρὸν
840 1361 936 1460 ἡλίου,
954 1359 1061 1460 φάος,

401 1479 465 1557 έως
483 1472 513 1546 τ’
533 1471 652 1573 έγείρει
669 1485 862 1573 πρευμενῶς
879 1477 957 1558 τούς
976 1479 1140 1570 νυμφίους

400 1584 547 1679 νόμοισιν
564 1587 672 1680 ὕμνων
699 1592 780 1662 νοεῖν
801 1585 913 1686 κόροις
935 1593 1047 1661 τεκαὶ
1070 1582 1217 1684 κόραις,

291 1705 347 1772 Vs.
372 1708 390 1773 1
411 1697 551 1774 κίέπειτα
571 1699 601 1774 δ’
621 1700 685 1776 εἰσι
704 1717 735 1777 at
756 1734 800 1779 vs.
822 1716 841 1777 t
863 1708 927 1787 ἕως
947 1701 1062 1798 έμείρω
1084 1711 1219 1778 correxit
1241 1710 1394 1798 Toupius,

245 1822 313 1911 ipse
332 1824 526 1910 πρευμενεῖς
548 1826 668 1891 mutavi
692 1827 725 1892 iu
747 1827 939 1915 πρευμενῶς
959 1831 989 1891 et
1013 1848 1057 1893 vs.
1081 1829 1100 1892 3
1123 1814 1268 1908 νόμοισιν
1285 1819 1394 1911 ὕμνων

245 1937 357 2024 scripsi
380 1958 436 2025 pro
458 1929 586 2019 νόμοισι
605 1936 739 2006 θέντων.
764 1939 945 2007 Videndum
973 1948 1075 2008 tamen
1104 1963 1144 2008 an
1176 1963 1220 2008 vs.
1244 1944 1264 2008 2
1290 1941 1391 2008 corri-

249 2053 384 2144 gendum
408 2053 451 2120 sit
474 2053 599 2141 potius:

390 2201 403 2230 ι
422 2164 486 2243 ἕως
504 2159 533 2232 τ’
554 2159 707 2257 ἐπεγερεῖ
724 2171 918 2259 πρευμενῶς
936 2165 1016 2247 τούς
1034 2171 1215 2260 νυμφίους,

246 2283 397 2371 siquidem
425 2280 500 2348 haee
533 2283 654 2350 Futuro
689 2290 825 2374 tempore
857 2286 942 2354 dieta
972 2310 1040 2362 esse¹
1064 2291 1191 2374 apparet
1220 2307 1258 2352 ss
1286 2274 1394 2376 ἰίνεισι

247 2425 291 2498 rs.
316 2404 345 2468 1.
365 2399 447 2466 Nam
470 2401 519 2465 sin
542 2401 662 2481 minus,
685 2403 863 2490 scripsisset
882 2393 1061 2492 ἀνέρχεται
1083 2403 1210 2492 Optime
1225 2399 1393 2472 Naunkius

248 2517 382 2585 conferri
406 2515 494 2583 iubet
521 2515 658 2603 Hesyoh.
683 2523 703 2584 2
726 2543 756 2608 p.
779 2521 856 2589 333.

250 2899 251 2902 ¹
292 2871 404 2960 Antig.
431 2870 559 2957 Carpat.
596 2871 681 2937 Hist.
718 2873 791 2938 Mir.
816 2894 842 2938 ο.
867 2873 951 2938 115:
981 2869 1046 2936 ταῖν
1075 2866 1113 2936 δέ
1138 2865 1269 2959 θηλέων
1299 2857 1394 2953 ζηίων

249 2975 472 3076 ῥοπαυίτερὸν
494 3005 595 3075 φησιν
615 2980 696 3054 εἶναι
715 2977 802 3074 πρὸς
820 2981 1069 3075 τὴνταυνουσίαν
1091 2978 1395 3071 ἵππον-φαίνεται

249 3095 363 3164 δὲκαὶ
388 3093 555 3190 Αἰσχύλος
580 3095 750 3187 ῖυτορικιῖς
767 3090 808 3182 τί
827 3097 975 3164 τοιοῦτον
1003 3089 1107 3174 οὕτως
1122 3115 1204 3170 πως
1233 3089 1395 3184 εἰρηκέναι
1491 3091 1492 3103 ’

248 3203 335 3300 πρὸς
361 3204 421 3287 τιίς
448 3208 639 3301 παρθένους
660 3201 694 3276 έν
713 3215 786 3286 ταῖς
810 3201 996 3291 Τοξὸτιοιν·

456 3319 570 3388 αἰδοῖ
587 3313 661 3411 γὰρ
683 3313 795 3409 ἁγναῖς
813 3317 997 3412 παρθένοις
1017 3315 1182 3407 γαμηλίων

457 3433 594 3525 λέκτρων
615 3425 728 3524 ἑτοίμη
750 3425 944 3519 βλεμμάτων
966 3431 1078 3523 ῥέπειν
1098 3419 1181 3520 βολή
1203 3425 1268 3498 κτέ.

248 3551 270 3618 i.
294 3574 319 3617 e.
338 3573 418 3636 praa
437 3551 555 3635 podera
578 3551 659 3624 ειιίυι
680 3550 824 3634 innuptis
842 3549 963 3634 puellis
987 3548 1138 3622 ἰυκιίιιιινι
1153 3545 1252 3618 Ιαοιέι
1272 3551 1394 3630 parato
1488 3539 1489 3570 ί

250 3675 297 3734 eat
319 3689 441 3752 verpere
464 3667 612 3732 deorsam.
643 3665 705 3731 Pro
725 3654 813 3730 didwv
832 3667 905 3762 ταῖς
926 3664 963 3730 de
994 3685 1060 3730 meo
1079 3661 1199 3748 -soripsi
1221 3655 1312 3725 αἰδοῖ
1328 3651 1393 3746 μοίρ
1487 3703 1488 3724 r

249 3790 281 3850 et
319 3807 364 3851 vs.
398 3789 418 3852 2
455 3805 511 3872 pro
532 3802 625 3849 αοτει
650 3805 695 3870 μη
718 3780 788 3846 dedi
812 3776 926 3868 ἑτοίμη
947 3803 1018 3848 oum
1049 3779 1245 3854 Hermanno,
1280 3772 1395 3838 deiude

251 3895 364 3988 ῥέπειν
383 3924 439 3990 pro
460 3895 556 3988 ῥέπει
577 3919 644 3963 meo
679 3898 797 3965 Marte:
832 3899 881 3964 Er
915 3897 975 3964 hae
1011 3897 1189 3962 aonieetura
1224 3889 1397 3960 Genitirus

250 4013 415 4103 γαμηλίων
440 4013 580 4103 λέκτρων
610 4014 725 4102 pendet
754 4015 792 4081 ab
825 4004 954 4099 ἆγναῖς,
987 4023 1066 4100 quaa
1093 4033 1147 4077 res
1181 4007 1299 4076 nemini
1332 4008 1400 4074 erit
1484 4021 1486 4042 ί

251 4129 431 4212 offensioni,
457 4132 512 4215 qui
535 4131 710 4200 meminerit
732 4124 831 4216 ἀμνὰς,
849 4125 960 4216 γέμων
979 4133 1011 4196 et
1035 4126 1151 4195 similia
1175 4125 1304 4213 trogieia
1326 4145 1400 4194 esse

250 4245 423 4315 tritissima.
446 4249 565 4316 Contra
587 4247 761 4336 tautologia
787 4245 929 4315 laborant
952 4246 1161 4316 porrectiones
1186 4265 1307 4322 eorum,
1336 4243 1399 4326 qui

251 4383 307 4452 pro
339 4385 436 4432 αοτει·
455 4387 500 4456 μη
532 4365 729 4432 substituunt
761 4351 926 4450 (insipere,
960 4369 996 4430 nt
1028 4364 1106 4430 iecit
1140 4359 1310 4441 Haathius,
1343 4359 1399 4427 vel
