2964 5160
616 459 678 522 127

87 623 203 703 Bothii‚
235 626 366 691 sirecte
384 630 525 706 memini,
552 621 829 720 παραδιόρδωσις
855 632 1032 717 reponentis
1055 622 1207 698 θάνατον.

87 741 161 804 Nam
183 732 265 806 κατα
283 730 426 805 θάνατον
445 733 525 807 εἶναι
544 766 599 830 pru
633 743 822 832 τεθνηκέναι
867 749 1020 812 Graecum
1052 768 1115 811 nou
1145 767 1211 812 esse

87 854 171 932 satis,
194 854 296 932 crede,
319 863 449 926 constat
472 859 558 933 Quid
580 859 703 948 igitur?
730 850 891 943 Θανέντα,
912 862 938 925 si
962 881 1009 927 me
1031 860 1137 940 audis,
1164 866 1212 927 est

86 967 232 1054 glossema
251 972 394 1038 vocabuli
415 977 516 1041 minus
539 975 693 1062 vulgaris,
705 974 903 1060 scripsitque,
917 978 950 1041 ni
965 976 1098 1042 multum
1110 975 1211 1056 fallor,

87 1083 268 1169 Sophocles:
296 1087 330 1154 τί
349 1080 428 1177 χρῆ,
452 1078 654 1177 φθίμενόν
684 1113 730 1154 νιν
750 1081 772 1175 ἢ
791 1080 999 1156 sidonios
1031 1092 1093 1178 (sic
1127 1097 1212 1158 recte

87 1199 256 1286 Dobraeus)
281 1189 360 1266 ὅντα
378 1206 497 1290 apicem
521 1204 568 1269 Of.
591 1227 635 1268 vs.
659 1202 777 1268 entistr.
802 1208 880 1280 963,
903 1203 955 1268 ubi
980 1207 1085 1272 nescio
1108 1229 1211 1272 annon

87 1320 216 1400 praestet
249 1315 383 1381 scribere
413 1306 578 1403 πρόκλαον
609 1339 691 1382 more
720 1316 893 1404 Sophocleo
927 1321 995 1386 sine
1029 1330 1212 1410 augmento,

87 1430 152 1512 qnia
174 1430 258 1516 apud
286 1430 370 1497 hunc
396 1439 515 1518 poetam
537 1435 708 1499 carminum
736 1431 965 1518 strophioorum
1002 1445 1033 1502 et
1065 1438 1214 1502 antistro-

86 1541 241 1628 phicorum
266 1546 407 1632 singulae
430 1547 568 1634 syllabae
591 1548 651 1613 sibi
676 1547 859 1634 respondere
883 1549 994 1615 solent.

125 1660 180 1725 Vs.
204 1665 284 1727 987:
307 1650 361 1750 ἆρ’
380 1654 521 1752 έξῄδης
540 1657 619 1730 ὅσον
639 1661 702 1730 aad.
724 1665 827 1750 Lege:
851 1654 1042 1752 έξῄδησθ’
1061 1656 1149 1730 ὅσον.
1269 1675 1271 1684 ’

126 1776 181 1841 Vs.
195 1781 295 1843 1015:
341 1765 410 1840 οὐδ’
431 1766 598 1862 ἀπαράξαι
619 1777 722 1863 κρᾶτα
741 1775 819 1858 βίου
841 1774 936 1841 θέλει

342 1878 466 1971 μολών
484 1886 553 1953 τοῦ·
567 1890 718 1976 §.upopod-
741 1887 808 1977 φεδ
828 1889 905 1975 φεῦ.

88 2089 225 2156 Fortasse
246 2080 355 2173 μολών
377 2099 556 2176 corruptum
576 2094 623 2153 est
639 2109 692 2153 ex:
708 2025 816 2169 idei,
838 2092 873 2152 ut
886 2082 1139 2168 Genitivussst'ov
1154 2083 1214 2152 τοῦ

89 2208 225 2294 ςυγεροῠ
243 2205 368 2283 habeat,
392 2205 474 2270 uude
496 2225 662 2290 suspensus
688 2201 739 2267 sit.

128 2319 182 2385 Vs.
208 2324 309 2388 1046:
333 2309 361 2384 oi
382 2310 489 2384 πολλοὶ
509 2310 549 2405 δὴ
571 2313 625 2383 καὶ
653 2307 765 2403 θερμαὶ
796 2306 866 2380 κού
892 2306 992 2399 λόγῳ
1022 2302 1122 2377 κακαὶ
1150 2307 1214 2377 net.

88 2431 174 2504 Quod
199 2435 409 2523 reponendum
433 2428 630 2518 suspicabar:
653 2426 720 2491 καὶ
741 2416 865 2512 λόγων
885 2422 1011 2514 πέρα,
1033 2424 1214 2490 iamdudum

89 2553 154 2614 ante
170 2575 217 2616 me
240 2550 436 2638 proposuisse
460 2545 652 2611 Wunderum
673 2563 757 2608 nunc
782 2539 879 2604 video.
902 2541 995 2606 Certa
1018 2543 1080 2616 est,
1102 2538 1130 2604 si
1153 2561 1213 2624 quc

90 2662 165 2744 alia,
188 2665 370 2731 emendatio.

131 2780 184 2844 Vs,
211 2781 312 2845 1175:
336 2778 399 2841 δεῖ
419 2768 449 2840 o'
469 2763 516 2839 αὖ
536 2769 697 2858 γενέσθαι.
727 2766 886 2835 Particula
910 2757 951 2834 ori
971 2791 1034 2832 non
1055 2773 1102 2832 est
1120 2766 1214 2832 huius

89 2891 156 2960 loci.
175 2898 320 2962 Fortasse
342 2891 623 2978 transponendum:
644 2905 687 2950 σε
718 2886 780 2950 δεῖ
806 2881 961 2970 γενέσθαι
988 2882 1073 2966 τῷδε
1102 2874 1215 2968 τάνδρὶ

90 2997 264 3095 σύμμαχα.

589 3205 712 3218 -·

132 3373 299 3438 Addantur
321 3369 397 3435 haec
417 3389 538 3455 pauca:

132 3485 309 3552 deuorare
336 3508 382 3550 vs.
410 3487 489 3550 170:
521 3477 555 3545 ct
581 3477 642 3567 γδρ
675 3468 731 3542 οὐκ
761 3471 835 3557 ἐμοὶ
865 3465 994 3560 ἔρχεται
1025 3460 1218 3556 ἀγγελίας

93 3711 186 3796 vince.
210 3715 367 3780 Fortasse:
390 3709 422 3776 ct
444 3701 506 3797 ydp
527 3697 600 3789 οὐχί
618 3726 675 3786 μοι
697 3695 827 3789 ἔρχεται
847 3697 930 3780 (scil.
950 3699 1092 3781 Orestes)
1113 3686 1219 3781 oiyys.

94 3821 196 3903 λὶαις
224 3819 474 3912 incomptam
503 3813 567 3885 aiei
589 3815 651 3882 ari.
673 3816 729 3893 uel,
753 3813 835 3901 quod
860 3812 964 3878 eodem
986 3810 1085 3876 redit:
1108 3800 1217 3894 ἅγγε-

94 3932 374 4014 tetigerimus
398 3933 430 4018 μ’
456 3928 540 4017 cici,·
562 3926 786 4014 sisintiaci.
829 3928 924 4002 Quod
958 3927 1218 4012 interpretantur:

95 4055 165 4133 qnid
186 4056 262 4118 milri
285 4055 421 4117 mittitur
443 4051 627 4124 nuntiorum,
655 4050 736 4134 qnod
756 4069 815 4110 non
834 4043 1007 4131 scitatur?
1029 4043 1074 4107 ita
1104 4042 1220 4106 Graece

97 4164 155 4232 dici
175 4191 262 4257 posse
285 4170 352 4233 sine
378 4168 499 4232 idoneis
522 4165 670 4249 exemplis
694 4185 782 4227 nemo
801 4160 875 4224 mini
906 4157 1109 4242 persuadebit.

137 4285 189 4350 Vs.
214 4289 295 4352 838:
320 4284 426 4374 ἕρκεσι
451 4275 642 4369 κρυφθέντα
670 4276 866 4363 γυναικῶν.
899 4273 1014 4338 Immo:
1037 4256 1222 4358 puncturis

100 4394 294 4490 (Eriphyles).
