2964 5160
621 449 684 512 171

135 623 151 706 t
173 625 211 686 35
230 643 290 686 non
309 623 417 698 mirer,
439 622 465 687 si
490 621 655 689 vocabula:
671 619 726 687 καὶ
748 612 825 688 ου’όέ
845 619 877 688 ἐν
895 624 937 712 τῇ
958 619 1113 711 ἡμεδαπῇ
1127 613 1216 708 ἄγειν

95 730 277 800 κελευόντων
297 734 362 800 τοῖν
381 724 504 818 νόμων,
532 729 574 801 σύ
594 734 695 810 όλόως
714 724 803 820 ἄγειν
823 725 1032 819 πανταχόθεν
1052 737 1090 802 ab
1118 737 1215 801 inter·

94 847 236 934 polatore,
270 848 484 935 praecedentia
515 848 592 914 male
616 848 834 936 interpretanti
854 851 991 936 profecta
1029 852 1102 917 sint.
1132 852 1216 917 Ooo-

95 963 230 1029 fidentioa
249 964 282 1028 in
301 972 436 1032 extrema
463 969 478 1051 ρ
502 965 586 1030 deleo
606 964 721 1031 κακοῦν
742 973 813 1050 post
835 963 1061 1046 λυμαίνεσθαι.

131 1079 217 1164 §462
240 1070 295 1142 ἐόν
316 1077 405 1167 πέρα
424 1071 516 1167 ὅρου,
539 1076 649 1167 φησὶν,
671 1072 785 1166 ἐλαύνῃ
808 1069 841 1166 [ἢ
861 1075 962 1165 φέρῃ]
984 1068 1006 1164 ἢ
1026 1067 1098 1163 ἄγῃ.
1117 1077 1217 1142 Addi-

93 1200 150 1258 tum
176 1198 222 1258 est
245 1179 267 1277 ἦ
293 1187 383 1277 φέρῃ
412 1215 430 1256 a
456 1191 571 1270 sciolo,
591 1192 645 1276 qni
673 1193 853 1256 meminerat
872 1189 1022 1256 formulae
1045 1182 1133 1277 ἄγειν
1162 1188 1218 1255 καὶ

93 1304 217 1394 φέρειν,
239 1327 317 1389 quae
333 1305 372 1370 ab
384 1305 443 1372 hoe
466 1306 536 1372 loco
548 1328 673 1394 prorsus
693 1305 793 1370 aliena
812 1315 868 1370 eet.
903 1306 1024 1371 Bonum
1045 1306 1160 1370 iactum
1183 1305 1217 1368 in

93 1419 145 1484 hae
173 1420 277 1484 eadem
311 1422 329 1504 d
361 1445 430 1486 mox
456 1428 539 1488 reete
573 1423 672 1506 sequi:
711 1419 745 1513 ἐκ
778 1418 837 1502 μέν
866 1413 906 1508 δὴ
935 1410 1055 1506 ταύτης
1085 1416 1219 1484 δίδωσιν

91 1525 256 1598 ἐλαύνειν
277 1533 344 1598 καλ
366 1527 489 1620 ἄγειν,
523 1533 611 1623 πέρα
632 1526 662 1600 d’
684 1525 740 1599 οόκ
761 1529 799 1618 ἐᾷ
830 1524 981 1597 τούτων
1010 1521 1219 1617 ου’όέτερον

91 1648 202 1729 aornim·
221 1669 300 1732 qaae
323 1649 412 1714 verba
436 1649 616 1736 planisrime
639 1649 790 1714 evincunt
819 1667 1025 1724 vermense,
1045 1644 1127 1730 quod
1150 1665 1219 1731 per·

93 1757 232 1826 hibebam.

126 1879 248 1962 §1282
273 1872 304 1940 εἰ
323 1873 382 1958 μὲν
400 1870 462 1962 γᾶρ
484 1869 535 1941 ἐπ’
557 1844 636 1942 ἄλλο
663 1900 694 1944 τι
720 1866 866 1961 ταύτην
891 1869 951 1958 τήν
982 1863 1095 1939 ἄδειαν
1122 1862 1221 1954 ἐλύμ-

89 1989 158 2068 βανε
177 1980 247 2078 [τήν
267 1985 301 2053 ἐκ
319 1989 378 2054 τοῦ
397 1985 627 2076 ψηφίσματος]
648 1981 722 2075 iliad
743 1983 997 2075 Κερσοβλέπτου
1022 1974 1218 2072 πράγματα,

88 2088 173 2184 ἧττον
194 2091 233 2165 ἄν
255 2086 296 2184 ἧν
316 2093 428 2169 δεινόν.
450 2103 498 2168 cf.
520 2102 747 2188 praecedentia.

126 2215 248 2298 §1422
282 2209 316 2276 ἒν
345 2204 385 2301 δή
418 2206 598 2303 Λαμψάκῳ
631 2213 715 2290 τινές
745 2206 920 2303 ἄνθρωποι
949 2211 1108 2299 γίγνονται
1138 2201 1218 2276 δύο·

92 2318 299 2414 Θερσαγόρας
320 2315 443 2408 ἄνομα
463 2323 572 2412 αὐτῷ,
596 2326 755 2416 θατέρῳ
777 2320 807 2393 δ’
827 2317 997 2415 Ἐξήκεςος.
1020 2324 1124 2392 Sioex
1137 2325 1219 2411 opti·

89 2439 142 2504 mia
161 2439 251 2504 eodd.
270 2438 370 2504 edidit
389 2439 567 2518 ΒελιΙωιοε,
587 2439 679 2527 οσόω
698 2447 798 2507 tamen
819 2443 1003 2528 scripturam
1025 2443 1219 2528 depravatam

89 2576 148 2618 eoae
169 2561 259 2622 extra
282 2577 401 2620 omnem
424 2556 647 2640 dubitationem
668 2557 805 2643 positum
824 2563 880 2623 est.
904 2558 1000 2623 Haud
1019 2581 1093 2622 sane
1112 2579 1218 2643 parum

89 2669 273 2737 tolerabilior
293 2675 341 2735 est
363 2670 475 2749 lectio,
498 2694 588 2757 quam
613 2674 747 2738 offerunt
771 2673 859 2738 codd.
883 2673 918 2737 λε
941 2663 1047 2736 αὐτῶν
1068 2668 1217 2757 θατέρῳ,

88 2783 132 2866 τῷ
151 2775 199 2870 d’,·
220 2784 275 2850 aed
299 2787 398 2852 tutius
422 2787 544 2852 videtur
565 2789 751 2875 optimorum
775 2787 924 2854 librorum
948 2786 1037 2851 fidem
1062 2783 1219 2870 sequenti,

87 2896 135 2960 sed
152 2901 283 2986 repetito
299 2901 404 2966 eodem
415 2904 575 2984 vocabulo,
597 2903 714 2991 legere:
735 2893 946 2992 Θερσαγόρας
968 2891 1080 2982 ὄνομ’
1099 2889 1221 2963 αὐτῶν

86 3011 254 3101 θατέρῳ,
284 3013 446 3104 θατέρῳ
468 3009 498 3082 d'
518 3009 688 3106 Ἑξὴκεςος.

127 3127 250 3209 tlt&
277 3114 346 3209 ἧκε
376 3125 435 3210 μέν
462 3121 525 3215 γοὶρ
557 3123 575 3194 ὁ
608 3119 821 3218 Θερσαγόρας
847 3126 902 3192 καὶ
932 3117 950 3192 ό
983 3118 1139 3212 Ἑξήκεςος
1172 3119 1220 3196 εἰς

85 3234 223 3322 Λέσβον.
244 3241 398 3330 Legatur:
428 3231 519 3330 ἧκον
537 3239 595 3325 μέν
613 3239 677 3307 κτέ.

126 3355 144 3437 d
165 3358 228 3420 149
244 3381 250 3421 κ
273 3355 497 3437 μισθουμένου
522 3351 691 3438 Τιμοθέου
706 3342 806 3417 πόλιν
821 3341 918 3416 αὐτόν
931 3345 983 3412 καὶ
999 3339 1037 3413 τό
1054 3336 1220 3435 ςρόιτευμα

84 3458 208 3554 τούτῳ
230 3467 298 3554 μέν
318 3460 358 3534 ού
378 3473 495 3552 μισθοῖ
515 3464 579 3532 nat.
602 3467 762 3553 Requiro:
793 3453 1011 3546 redemptio
1036 3451 1154 3524 αὐτόν
1181 3448 1221 3523 ού

85 3583 218 3664 μισθοῖ,
243 3582 294 3647 oll.
317 3584 360 3667 §d
386 3582 573 3659 150‚154‚
599 3583 663 3647 158
706 3583 788 3660 162,
813 3581 875 3642 180
901 3579 932 3640 et
956 3575 1080 3661 passim.

126 3695 144 3778 d
169 3698 253 3762 154:
273 3686 473 3785 ὀλιγωρήσας
492 3695 554 3759 τῶν
573 3687 676 3783 ὅρκων
696 3691 760 3772 [καὶ
783 3681 939 3779 παραβᾶς
960 3679 1089 3763 αύτούς]
1113 3683 1176 3750 κτέ.

127 3811 145 3894 d
162 3814 229 3877 220
240 3817 316 3878 extr.
334 3798 491 3897 ὑπερβάς,
515 3808 593 3874 male
612 3808 777 3895 repetitum
794 3829 811 3873 e
829 3803 1050 3893 superioribus,
1068 3799 1219 3866 exsulato.

127 4155 267 4223 Conana
291 4159 553 4224 Anonomonnn.

127 4275 142 4355 §
166 4277 226 4337 38:
250 4270 332 4345 ἴσως
352 4261 548 4358 ἀναβήσεται
569 4267 622 4334 καὶ
643 4269 771 4357 συνερεῖ
787 4264 829 4354 τῇ
848 4263 953 4352 βουλῇ
976 4261 1145 4337 Φίλιππος
1166 4258 1220 4326 καλ

85 4372 256 4473 Ἀντιγένης
277 4382 331 4449 καὶ
353 4375 372 4468 ό
398 4374 617 4471 ἄντιγραφεύς
646 4380 701 4448 καλ
730 4402 815 4454 τινες
842 4369 954 4458 ἄλλοι,
988 4373 1105 4461 οἵπερ
1138 4374 1221 4439 ἐκεῖ
1313 4452 1317 4459 ¹
