2964 5160
595 434 657 497 159

79 605 220 693 Vulgatnr
240 599 361 674 τοιάδε.
386 605 558 692 Utriusque
581 605 742 684 vocabuli,
766 608 908 692 quamvis
928 612 1043 672 certum
1064 611 1095 671 et
1118 627 1193 672 con·

77 728 151 786 stans
172 727 216 788 est
231 724 311 808 apud
336 726 451 787 veteres
470 724 597 788 Atticos
617 723 807 801 discrimen,
831 723 973 808 frequens
994 723 1086 788 estin
1104 721 1195 787 codd.

77 838 211 902 confusio.

112 953 214 1016 Inanu
237 952 335 1017 VIII.

111 1067 179 1153 Gap.
213 1070 230 1133 Ι
266 1070 284 1152 b
318 1072 354 1131 3:
391 1066 458 1132 καὶ
486 1062 533 1132 acl
561 1067 626 1133 ταῖν
666 1058 845 1151 συμμάχων
884 1065 923 1142 ἐς
960 1055 1195 1154 α’σφᾶλειαν

74 1185 288 1264 ποιεῖσθαι,
312 1183 518 1248 Locutionem
537 1181 590 1248 hic
617 1182 739 1248 obviam
756 1204 817 1247 non
845 1203 970 1268 possum
994 1203 1056 1244 non
1086 1201 1195 1246 vocare

73 1292 100 1356 in
124 1294 256 1361 dubium.
286 1297 432 1384 Cogitavi
469 1297 506 1362 de
534 1297 712 1385 reponendo
742 1294 777 1371 ἐς
809 1285 993 1382 ἀσφάλειαν
1022 1292 1195 1360 τίθεσθαι.

73 1407 123 1471 Sed
155 1413 267 1476 retinet
302 1435 350 1478 me
384 1413 550 1500 cogitatio,
593 1414 627 1477 in
661 1433 698 1478 ea
719 1433 753 1476 ra
787 1411 922 1475 Graecos
956 1406 1060 1472 dicere
1098 1407 1196 1473 solere

72 1519 103 1584 ἐι
121 1514 300 1611 deputet.
325 1526 504 1593 Videndum
517 1529 617 1616 igitur
629 1551 666 1592 an
691 1528 771 1591 forte
793 1522 894 1588 'Phua
912 1522 1051 1588 dederit:
1073 1519 1138 1586 καὶ
1153 1514 1195 1587 acl

71 1635 123 1698 ruia
140 1629 320 1721 συμμάχων
339 1633 564 1728 ἀσφάλειαν
583 1643 812 1719 ποιεῖσθαι,
835 1636 935 1702 deleta
958 1636 1195 1724 praepositione,

75 1768 136 1828 quae
168 1753 320 1838 originem
365 1753 473 1819 debeat
507 1755 601 1820 initio
632 1755 789 1840 sequentis
823 1752 984 1828 vocabuli,
1016 1759 1051 1817 ut
1084 1771 1193 1815 cenans

74 1863 119 1928 sil:
139 1874 169 1930 ct
186 1870 269 1952 quod
285 1871 328 1934 od
348 1872 446 1962 accior
468 1873 584 1935 attinet
593 1873 792 1936 securitatem
802 1869 864 1932 aidi
874 1889 1058 1952 comparare.
1082 1865 1193 1931 Malim

72 1983 178 2046 tamen:
199 1973 290 2048 κοῖπό
308 2005 337 2048 τ.
360 2003 390 2048 σ.
412 1976 596 2071 ἀσφάλειαν
616 1987 802 2050 ποιεῖσθαι.
825 1983 847 2048 i.
866 2005 890 2048 e.
910 2007 930 2047 α
949 1987 1051 2048 accita.
1068 1981 1193 2047 Etenim

70 2095 388 2162 sociiAtbenienrium
412 2102 483 2184 post
502 2097 621 2163 cladem
642 2096 779 2163 Siculam
794 2097 831 2162 ad
848 2098 1039 2164 adversarios
1064 2098 1194 2164 deficere

70 2218 243 2297 coeperant,
267 2212 454 2296 dequeeare
476 2214 509 2278 in
531 2216 669 2300 proximo
691 2215 878 2302 praegressis
898 2216 1031 2301 scriptor
1046 2215 1195 2299 loquitur.

106 2327 169 2413 (lap
186 2332 226 2394 15
252 2327 341 2392 init:
361 2319 405 2399 'Ec
425 2324 464 2391 dd
483 2319 544 2401 ude
565 2318 707 2416 Ἀθήνας
727 2321 809 2410 ταχιὶ
842 2318 976 2413 ἅγγελία
996 2329 1064 2415 τῆς
1093 2325 1194 2392 Χίου

68 2429 298 2524 ἀφικνεῖται.
320 2442 450 2526 Propter
481 2439 635 2506 ductuum·
661 2440 899 2506 similitudinem
923 2448 994 2527 port
1013 2440 1195 2528 ἀφικνεῖται

66 2551 148 2618 facile
181 2556 306 2621 exiderc
339 2557 443 2643 potuit
475 2549 537 2621 ὅτι
558 2547 770 2643 ἄφίςαται,
799 2555 845 2619 vel
880 2552 930 2622 ὅτι
959 2547 1114 2642 ἇφέςηκε.
1143 2552 1194 2616 Ita

66 2667 155 2734 torma
184 2672 338 2736 orationis
369 2671 478 2737 similis
512 2670 573 2735 erit
602 2668 694 2734 huicc
717 2670 755 2756 (I.
778 2669 852 2756 61):
879 2660 965 2756 ἦλθε
993 2671 1064 2740 τοῖς
1096 2658 1194 2751 Ἀθη-

65 2779 160 2858 ναίοις
180 2777 286 2859 edelr
307 2777 476 2872 ἡὰγγελία
495 2784 569 2848 rain
590 2775 746 2849 πόλεων
766 2776 826 2849 ὅτι
846 2775 1032 2870 danegeldi.
1051 2780 1194 2846 Fortasse

65 2900 160 2962 tamen
183 2898 268 2964 nihil
290 2900 475 2964 novandum.

105 3013 178 3100 Gap.
197 3019 240 3080 26
266 3014 343 3079 med.
365 3009 588 3078 κατέπλευσαν
610 3009 644 3086 ἐς
663 3008 775 3098 Λέρον
795 3009 927 3096 πρῶτον
949 3005 1018 3096 [τῆν
1040 3002 1108 3096 πρὸ
1132 3015 1196 3074 Μι-

65 3120 155 3210 λήτου
176 3129 297 3216 νῆσον].
332 3124 519 3193 Huiusmodi
550 3124 761 3190 additamenta
788 3123 994 3210 geographica
1022 3143 1132 3210 magna
1158 3143 1195 3220 ex

66 3247 145 3321 parte
181 3265 198 3306 a
232 3243 338 3308 sciolis
369 3245 429 3310 iam
458 3241 633 3328 antiquitus
664 3243 801 3304 veterum
833 3240 961 3325 scriptis
984 3239 1109 3303 invecta
1132 3259 1197 3301 esse

65 3357 135 3419 satis
167 3364 301 3423 constat.
332 3360 394 3424 Hic
416 3357 616 3445 interpolatio
639 3377 675 3419 eo
698 3353 887 3418 luculentior
910 3363 973 3428 eat,
996 3375 1057 3438 quo
1081 3355 1196 3419 certius

65 3474 206 3538 novimus
235 3475 350 3539 Lcrum
369 3475 502 3539 insulam
521 3494 582 3537 non
602 3492 656 3559 pro
681 3468 791 3534 Mileto
814 3469 867 3534 sed
892 3490 984 3555 prope
1019 3470 1142 3534 Icarum
1167 3475 1198 3534 et

64 3585 229 3655 Pathmum
261 3591 352 3655 sitam
380 3591 484 3654 fnisse.
507 3586 720 3673 Interpolator
744 3590 845 3650 autem
870 3586 979 3648 Badeo
1005 3583 1139 3648 insulam
1163 3583 1195 3647 in

66 3703 170 3767 codice
204 3727 260 3768 suo
292 3705 404 3792 legisse
435 3705 569 3779 videtur,
602 3703 663 3766 nisi
687 3702 767 3765 forte
789 3700 953 3764 memoriae
975 3699 1060 3763 hunc
1078 3700 1197 3785 lapsum

64 3838 126 3881 esse
157 3820 283 3884 credere
307 3821 413 3885 mavis.
447 3820 495 3886 cf.
519 3825 618 3883 autem
643 3837 707 3901 cap.
734 3817 774 3879 17
795 3820 870 3879 extr.
895 3821 926 3879 et
950 3816 991 3877 27
1011 3815 1081 3879 init.
1106 3814 1198 3879 Solus

64 3929 140 3998 liber
172 3934 247 3999 Vat.
277 3936 410 4001 servavit
440 3931 564 4021 Λέρον,
609 3930 691 3995 unde
724 3930 885 3994 Bekkerns
917 3931 1041 4014 recepit.
1073 3930 1198 4015 Reliqui

63 4039 179 4127 Ἑλεόν,
209 4051 301 4114 variis
325 4047 505 4115 accentibus
529 4045 759 4132 spiritibusque.

108 4164 186 4249 Gap.
201 4168 253 4227 28.
275 4155 433 4249 Ἀμόργην
455 4159 558 4239 ζῶντα
577 4149 733 4240 λαβόντες
755 4146 982 4234 [Πισσούθνου
1006 4149 1106 4222 νόθον
1122 4152 1200 4237 υἱόν,

63 4263 224 4360 ἅφεςῶτα
245 4274 282 4341 δὲ
302 4272 478 4356 βασιλέως]
501 4272 609 4338 Delevi
629 4271 706 4336 male
729 4272 860 4356 repetita
883 4292 899 4332 e
923 4293 987 4357 cap.
1006 4271 1044 4335 V.
1068 4273 1107 4336 ln
1127 4293 1201 4356 sqq,

64 4389 147 4470 quod
174 4389 212 4453 ad
236 4381 385 4478 δαρεικόν
407 4387 552 4464 additur,
574 4390 699 4472 ςαιῆρα
721 4392 897 4472 suspectum
929 4392 990 4464 est;
1027 4391 1058 4450 et
1092 4385 1201 4473 procul
