2964 5160
594 482 634 544 97

102 648 153 712 Vs.
177 649 258 712 364:
787 647 879 728 ὅπως
899 646 938 719 ils

258 749 340 847 μήτε
359 754 426 850 πρὸ
445 765 562 853 καιροῦ
579 757 665 855 μήδ’
685 756 770 854 ὑπὲρ
794 757 947 854 άστρων

258 870 358 955 βέλος
375 870 504 961 η’λδδισν
523 868 687 965 σκήψειεν.

100 987 182 1052 Num
207 986 288 1050 forte
309 975 394 1076 aiulo
416 977 530 1054 αἶσαν
551 986 626 1054 ecta
703 1017 705 1028 ·

105 1102 153 1168 Vs.
166 1102 231 1167 53⁷
243 1126 249 1166 :
262 1100 365 1166 διαλδ
380 1091 410 1166 δ’
429 1094 538 1166 ἔτισαν
557 1100 742 1190 Πριαμίδαι
763 1092 943 1188 θάμάρτια.
964 1104 1066 1169 Immo
1078 1098 1189 1186 διιιλῃ.

101 1216 153 1280 Vs.
169 1219 254 1282 520:
286 1214 324 1278 εἲ
345 1235 424 1277 που
455 1202 573 1294 πάλαι,
614 1214 785 1301 φαιδροῖσι
814 1209 933 1285 τοισίδ’
953 1207 1079 1300 ὄμμασι

282 1324 427 1406 δέξασθε
447 1313 579 1408 κόσμῳ
601 1323 741 1406 βασιλέα
762 1325 878 1411 πολλῷ
896 1319 1015 1414 χρόνῳ.

99 1445 142 1510 Ut
153 1442 230 1507 olim
242 1441 402 1516 Fannius,
426 1461 616 1525 egoquoque
628 1438 738 1506 haereo
753 1441 787 1505 in
810 1432 953 1527 κόσμῳ,
971 1441 1055 1527 quod
1073 1441 1190 1506 frustra

64 1559 232 1626 defenditur
264 1556 302 1622 el.
335 1555 418 1621 Pers.
451 1559 515 1619 406
537 1548 645 1642 ἡγεῖτο
667 1547 790 1639 κόσμῳ,
812 1557 866 1642 qui
891 1556 978 1623 loeus
1002 1578 1071 1622 oum
1096 1555 1192 1620 hoeee

64 1697 220 1740 commune
244 1672 354 1738 habeat
382 1670 471 1734 nihil.
495 1670 565 1736 Nee
585 1676 685 1734 tamen
710 1672 806 1756 probo
829 1673 948 1738 Pauwii
980 1673 1192 1744 oonieeturanr

65 1780 138 1873 νόςιρ
159 1788 380 1875 proponentis3
403 1807 473 1851 nam
495 1775 580 1869 νόςφ
602 1783 762 1870 δέχεσθαί
782 1810 853 1854 τινα
873 1789 925 1853 vir
950 1788 1104 1854 Graecum
1128 1809 1193 1854 esse

68 1903 198 1969 arbitror.
226 1902 332 1990 Magis
354 1900 430 1966 mihi
452 1899 603 1986 placeret:
624 1890 762 1980 δέξασθ’
781 1898 949 1982 ἑτοίμως
970 1904 990 1967 i.
1015 1925 1038 1968 e.
1064 1903 1194 1976 libenter

66 2017 103 2082 ael
117 2017 277 2101 ἑτοῖμοι
297 2018 328 2092 δ.
351 2039 387 2082 τι.
410 2043 440 2100 χ.
460 2016 522 2082 Pro
545 2014 583 2079 εἴ
601 2035 693 2095 που,
717 2013 800 2099 quod
814 2015 851 2080 de
863 2016 994 2084 Stanleii
1013 2018 1194 2085 coniectura

68 2138 213 2220 receptum
239 2134 286 2216 est
308 2152 363 2215 pro
386 2120 407 2220 ἦ
427 2154 503 2214 τιον,
531 2129 636 2195 neseio
660 2151 698 2194 an
729 2151 790 2194 non
823 2131 934 2198 melius
966 2139 1135 2221 reponatur
1156 2133 1197 2199 εδ

68 2269 170 2328 noae,
194 2245 279 2332 quod
308 2251 391 2310 eerte
417 2246 450 2310 in
479 2243 620 2330 precibus
644 2251 691 2310 est
713 2245 871 2312 usitatius.
891 2249 1040 2334 Sequitur
1061 2254 1125 2314 522
1142 2271 1194 2332 sq:

263 2351 333 2447 ἥκει
352 2352 414 2448 γάρ
435 2351 510 2441 άμῖν
530 2357 606 2447 φῶς
627 2356 659 2423 ἕν
681 2349 825 2448 εὐφρόνῃ
846 2357 959 2448 φέρων
995 2385 996 2388 ’

264 2469 319 2537 καὶ
340 2461 444 2539 τοῖσδ’
465 2463 573 2536 άπασι
592 2464 695 2536 νσινδν
716 2461 921 2554 Ἀγαμέμνων
942 2463 1032 2552 άναξ.
1096 2541 1097 2546 ,

106 2583 265 2652 Vocabula
288 2573 490 2670 Ἀγαμέμνων
510 2575 590 2661 άναξ
610 2584 656 2649 ita
674 2589 748 2648 sunt
774 2606 1015 2670 εαρεινασειιεε,
1045 2591 1080 2651 ut
1104 2584 1196 2651 dnbi-

68 2703 138 2778 tem,
158 2723 196 2766 an
224 2701 267 2765 sit
289 2698 341 2764 hie
366 2720 409 2763 vs.
430 2697 596 2786 genuinus.
659 2767 661 2774 ,

108 2815 162 2881 Vs.
184 2820 269 2882 822:
357 2809 496 2901 ἐπείπερ
517 2809 582 2877 ναὶ
606 2801 734 2898 πάγας
753 2803 963 2900 δτιερκότισσς

278 2915 539 3015 ἐφραξάμεσθα,
557 2922 610 2988 uel
632 2918 782 3010 γυναικός
804 2918 918 2992 οὕνεκα

279 3029 376 3105 πόλιν
395 3026 595 3124 διημάθυνεν
616 3027 760 3124 Ἀργεῖον
782 3029 891 3113 δάκος.

109 3149 213 3239 Vulgo
236 3152 385 3238 probatur
417 3148 612 3215 scholiastae
638 3149 870 3235 interpretatio,
895 3173 1018 3236 exque
1045 3151 1198 3218 alluditur

71 3263 102 3326 ad
121 3267 333 3352 proverbium:
359 3261 527 3347 ἐνσχεθεὶς
547 3264 620 3336 ταῖς
641 3252 763 3347 πάγαις
793 3254 834 3338 lig
853 3253 965 3339 άλλως
984 3256 1089 3353 δφηνε
1110 3269 1197 3350 (τις).

72 3376 144 3446 Vide
164 3382 279 3447 Blomf.
305 3381 353 3446 ad.
377 3380 405 3445 h.
428 3378 449 3444 l.
472 3379 584 3444 Fateor
606 3381 708 3441 tamen
733 3397 780 3442 me
803 3377 983 3462 neutiquam
1006 3378 1196 3468 intelligere,

72 3496 137 3577 quid
166 3499 208 3562 sit
242 3485 351 3580 πάγας
372 3483 582 3581 πράττεσθαι
616 3512 726 3574 easque
746 3478 967 3579 άπερκόιτσνς.
1001 3494 1053 3559 Νε
1087 3495 1198 3562 multa:

73 3613 202 3699 suspicor
227 3611 352 3676 subesse
367 3607 512 3672 ruendum
535 3611 761 3691 pervetustum,
787 3609 818 3669 et
841 3604 916 3670 olim
940 3607 1058 3675 loetum
1083 3612 1199 3677 fuisse:

423 3717 561 3809 ἐπείπερ
583 3710 766 3807 ἁρπαγάς
785 3709 995 3807 inspectiones

324 3821 567 3920 ἐφραξάμεσθα
598 3877 599 3880 ,

74 3944 91 4008 i.
105 3969 126 4011 e.
147 3947 388 4036 quondoquidem
412 3945 686 4010 insolentissimum
709 3951 832 4029 ruptum
857 3944 1006 4031 (Helenae
1029 3947 1112 4034 soil.)
1137 3950 1202 4016 alti

75 4081 177 4129 ιιιιιιιιι.
208 4064 290 4130 Nam
317 4061 563 4146 breviloquentia
585 4059 717 4146 quadam
749 4061 867 4126 Graece
896 4063 1014 4127 dieitur
1035 4053 1200 4149 πράττειν,

78 4168 253 4263 ἐκπράττειν
272 4188 304 4242 et
325 4165 569 4263 ἐκπράττεσδαι
590 4163 702 4262 φόνον
714 4197 769 4260 pro
793 4167 881 4265 διιιὴν
901 4165 1017 4262 φόνον.
1052 4176 1100 4244 ef.
1124 4194 1152 4242 v.
1170 4200 1202 4242 e.

78 4283 195 4357 Flumen.
216 4315 261 4358 vs.
300 4293 376 4355 624.
400 4288 515 4354 Nescio
538 4292 655 4365 tamen,
684 4311 722 4354 an
745 4277 955 4378 πράττεσθαι
975 4291 1082 4375 eodem·
1099 4315 1201 4362 .·sensu

36 4419 37 4470 ι
79 4399 264 4486 adhibeatur3
310 4428 404 4489 qnare
441 4406 583 4469 fortasse
611 4407 760 4489 praestat:
802 4393 953 4488 ἁρπαγάς
994 4396 1203 4491 άπεριιόποσς

1037 4535 1051 4587 'l
