2990 5156
643 431 683 494 87

140 609 218 676 Plnt.
240 610 341 674 Amat.
367 611 426 682 15,
449 611 468 672 d
494 627 523 696 p.
542 584 612 670 ‘dit
633 605 661 671 Β
684 607 739 690 qui
764 604 929 672 laudantur
953 626 1059 672 versus
1083 605 1116 670 in
1134 603 1223 672 hunc

102 723 213 792 nodum
237 720 458 809 suppleverint:

243 827 291 906 ov'
311 824 374 924 γάρ
394 855 438 919 με
458 825 531 912 Νὐξ
553 826 655 900 ἔτικτε
677 824 840 922 δεσπότην
860 824 972 922 λάρας,

242 939 282 1013 ori
302 937 422 1031 μάντιν,
445 935 514 1012 orid'
534 936 664 1035 ἰατρόν,
688 936 758 1011 ἀλλ’
778 938 885 1028 (ἐμάν
906 944 1036 1035 γέρας)

241 1061 368 1146 θνητῶν
388 1050 456 1140 ἅμα
477 1061 654 1146 wezelone
675 1053 732 1133 εἰς
747 1049 882 1123 ‘'Acdov
904 1059 1047 1143 περᾶν).

32 1370 33 1376 ¹
133 1387 213 1450 Sext.
244 1385 360 1473 Empir.
384 1386 417 1452 in
442 1385 585 1474 Disputt.
607 1386 783 1474 Antiscept.
807 1406 853 1472 ap.
877 1383 967 1452 Fabr.
991 1383 1075 1452 Bibi.
1096 1385 1150 1451 Gr.
1175 1383 1221 1463 V,

97 1502 158 1588 rp.
180 1505 265 1567 623:

283 1603 380 1701 ’Όψει
401 1612 549 1702 διαθρεῖν
570 1601 684 1678 οὐδὲν
706 1603 750 1678 dv
768 1608 872 1700 πάντῃ
892 1606 991 1679 καλὸν

290 1715 359 1789 ov'd‘
380 1713 527 1813 αἰσχρόν·
549 1714 631 1790 ἀλλά
652 1718 740 1790 ταῦτ’
760 1721 915 1812 ἐποίησεν
935 1717 1044 1806 λαβεῖν

291 1826 310 1902 ὁ
332 1829 446 1925 καιρός
465 1826 587 1924 αἰσχρά
605 1833 659 1902 καὶ
682 1830 857 1918 διαλλάξας
877 1825 970 1901 καλά.

127 1949 365 2027 Soloccisnrum,
397 1950 451 2038 qui
474 1954 521 2016 est
553 1949 587 2013 in
623 1971 667 2014 rs.
694 1953 734 2028 l,
768 1949 860 2016 facile
893 1948 986 2016 tollas
1019 1946 1217 2016 rescribendo

91 2055 160 2129 οὐδὲ
172 2062 216 2146 ἓν,
240 2064 292 2130 sed
306 2070 459 2152 praetcrea
477 2071 607 2130 metrum
619 2064 763 2149 requirit:
775 2059 855 2152 ὄψει
870 2061 908 2130 δὲ
923 2061 1081 2152 διαθρεῖν.
1100 2063 1218 2130 Versus

90 2179 258 2246 onimhcud
282 2181 374 2247 dubie
390 2203 407 2246 e
423 2180 583 2246 comoedia
604 2201 683 2246 norc
706 2181 859 2269 desumpti
883 2185 974 2260 sunt,
993 2181 1062 2268 ipro
1086 2179 1217 2246 Menan·

90 2293 153 2372 dre,
177 2301 213 2362 ut
240 2296 401 2375 videntur,
431 2319 494 2361 non
522 2295 656 2382 indigni.

20 2593 21 2606 λ
126 2616 345 2704 Fragmentum
387 2616 562 2694 distichon,
605 2617 688 2703 quod
712 2619 801 2682 affert
825 2615 1013 2684 Plutarchus
1044 2617 1076 2681 in
1109 2613 1215 2682 libello

87 2753 123 2794 αιι
145 2733 215 2798 seni
235 2733 369 2817 ρειειιιλα
391 2735 435 2798 rit
458 2755 536 2820 νεαρ.
561 2738 597 2813 9,
623 2755 651 2821 p.
676 2736 740 2798 789
765 2732 813 2798 A:

227 2845 278 2921 εἰς
299 2835 338 2910 dv
358 2865 396 2910 σε
415 2838 542 2940 νύμφη,
563 2845 615 2922 τίς
636 2843 674 2912 δὲ
694 2843 865 2935 παρθένος
886 2843 941 2912 νέα

227 2947 346 3038 δέξαιτ’
367 2947 420 3042 άν,·
444 2945 481 3025 εὖ
502 2949 531 3044 γ’
552 2946 608 3024 οὖν
628 2947 674 3033 εἷς
694 2961 808 3044 γαμεῖν
830 2953 929 3042 ἔχεις,
951 2951 1081 3054 τάλας.

84 3069 160 3137 sitne
191 3093 229 3136 ex
258 3070 420 3160 tragoedia
447 3094 485 3135 an
508 3094 524 3136 e
547 3073 706 3138 comoedia
729 3073 941 3160 desumptum,
971 3071 1132 3159 ambigant
1154 3072 1213 3137 viri

84 3186 181 3267 docti,
205 3188 345 3272 quamvis
367 3187 410 3252 sit
431 3187 536 3253 nuilus
554 3187 718 3253 dubitandi
735 3188 840 3265 locus,
856 3187 1007 3273 siquidem
1023 3188 1085 3252 sobi
1100 3188 1215 3272 tragici

84 3307 213 3369 utuntur
245 3303 279 3368 in
304 3304 446 3367 vocativo
469 3303 569 3368 forma
591 3291 711 3383 τάλας,
747 3304 859 3368 comici
894 3307 1001 3369 contra
1037 3306 1213 3368 constanter

82 3406 177 3481 seiton
201 3440 227 3482 v.
248 3438 291 3481 c.:
313 3416 396 3483 Plnt.
423 3421 508 3484 1055
537 3419 645 3482 Arist:

140 3536 176 3596 A
195 3520 309 3612 βούλει
330 3523 385 3598 διά
405 3525 521 3620 χρόνον
542 3520 629 3618 πρός
649 3550 692 3611 με
714 3533 850 3614 παῖσαι;
874 3537 903 3597 Β
922 3535 999 3614 ποῖ,
1019 3522 1148 3599 τάλαν.

122 3643 258 3732 Egregie
275 3643 374 3734 igitur
390 3642 509 3709 fallitur
525 3641 719 3709 Matthiaens
743 3641 847 3710 locum
871 3668 909 3711 ex
932 3646 1137 3714 Sunarrrnrs
1159 3668 1212 3711 co·

81 3758 152 3823 mici
182 3758 358 3824 Philocteta
389 3759 600 3846 depromptum
640 3780 705 3823 esee
741 3765 862 3846 putans.
903 3761 956 3850 (ef.
987 3761 1071 3827 Plnt.
1107 3761 1212 3838 verba,

80 3894 155 3956 qnae
178 3874 390 3962 praecedunt).

121 4173 206 4269 stoa.
230 4204 298 4269 uer.
321 4203 414 4290 Phys.
437 4206 472 4280 r,
495 4209 536 4285 4,
559 4209 599 4270 ιι
627 4229 654 4291 p.
679 4208 745 4272 ras
770 4205 817 4272 H:

68 4333 70 4338 '
230 4307 337 4406 Meiros
359 4338 428 4386 σειν
449 4309 673 4408 άπαραίεηεος
695 4309 932 4408 άνθριάννοις
954 4317 1046 4410 Δίκη.
