2990 5156
803 407 843 467 56

399 538 450 643 ¹A.
473 567 514 640 σύ
534 566 564 640 δ’
584 564 642 640 ὧδ’
662 569 783 663 ἔρημος
803 567 978 660 ξυμμάχων
999 567 1200 662 dactilicum

410 693 445 753 Β.
467 685 575 768 οἱμὲν
596 680 658 774 γορ
683 678 784 752 οὗκέί
804 684 901 770 εἰσίν,
924 685 957 754 οἱ
977 684 1006 753 d’
1026 679 1116 764 ὄντες
1138 687 1240 757 κακοί.

250 823 382 888 quorum
407 822 549 866 versuum
572 801 703 888 priorem
727 801 873 868 Diomedi
894 801 1025 870 alterum
1049 804 1154 869 Oeneo
1170 809 1254 870 recte
1268 803 1385 872 tribue·
1468 795 1469 800 ἵ

251 921 327 984 runt
344 917 412 982 'viri
436 915 531 981 docti.
554 915 691 981 Eandem
716 917 867 982 rationem
891 917 1031 983 obtinere
1054 919 1238 984 crediderim
1261 921 1295 984 in
1319 943 1387 986 ver·

251 1033 338 1098 sibus
360 1052 451 1119 supra
475 1029 588 1094 allatis.
605 1030 872 1103 Quemadmodum
899 1055 968 1098 vero
993 1055 1129 1099 versum:
1152 1031 1185 1098 οἱ
1205 1031 1263 1115 μὲν
1283 1026 1387 1122 γὰρ-

250 1143 342 1211 κακοὶ
363 1147 396 1210 in
420 1169 505 1210 suam
527 1167 591 1211 rem
614 1147 767 1234 convertit
798 1147 1022 1234 Aristophanes
1045 1149 1124 1213 Itan.
1157 1148 1223 1240 72,Ι
1249 1147 1294 1212 ita
1322 1147 1387 1213 fieri

252 1265 371 1346 potest,
398 1265 434 1325 ut
457 1282 592 1326 versum:
614 1257 751 1348 κέρδους
773 1251 803 1326 δ’
825 1258 1046 1330 ἕκατι-νοσεῖ
1067 1263 1213 1350 respiciat
1235 1263 1308 1328 Pac.
1328 1285 1387 1340 vs,

253 1371 307 1440 ubi
331 1375 369 1440 de
391 1375 551 1440 Simonide
576 1375 671 1440 dicit:

666 1481 717 1554 ὅτι
738 1485 841 1576 γέρων
863 1479 907 1554 dv
928 1490 981 1555 uod
1002 1483 1132 1579 σαπρὸς

459 1599 626 1690 κέρδους
648 1597 755 1666 ἕκατι
774 1591 832 1666 udo
853 1597 908 1666 ἐπὶ
930 1595 1029 1690 ῥοπᾶς
1049 1600 1154 1669 πλέοιζ

253 1712 363 1791 simul,
390 1717 426 1778 ut
453 1720 630 1779 auctorest
654 1713 847 1794 Scholiasta,
877 1717 981 1781 iocose
1014 1717 1177 1782 immutato
1212 1715 1386 1803 proverbio:

256 1827 335 1894 θεοῦ
356 1825 505 1903 θέλοντος
526 1819 583 1894 κᾶν
605 1825 662 1893 ἐπὶ
684 1820 784 1916 ριπός
805 1827 928 1904 πλέοις.

184 2340 186 2347 .
301 2288 386 2354 Stob.
410 2288 492 2355 utor.
515 2289 718 2366 XXXVHI,
745 2289 785 2356 15
818 2311 843 2354 c
864 2286 1043 2376 Πειρίθου·

431 2393 556 2490 τρόπος
576 2400 657 2468 ἐστὶ
677 2394 797 2492 χρηςός
819 2394 1065 2491 ἀσφαλέστερος
1085 2393 1196 2485 νόμου.

299 2518 339 2582 Iu
373 2518 492 2582 senario
521 2519 642 2604 tragico
664 2521 846 2604 anapaestus
880 2518 914 2581 in
938 2515 1009 2580 sede
1031 2517 1129 2604 prima
1154 2539 1216 2582 uno
1241 2514 1388 2582 vocabulo

257 2634 412 2699 contineri
436 2633 541 2710 debet,
565 2655 626 2720 qua
648 2639 772 2721 propter
795 2632 967 2700 tentabam:

281 2729 283 2732 ⁵
616 2738 742 2836 τρόπος
763 2745 805 2813 δὲ
825 2739 947 2834 χρηςος
967 2742 1030 2810 aad.

256 2867 346 2946 quam
362 2860 460 2946 ipsam
481 2860 667 2948 scripturam
686 2863 720 2926 in
745 2861 853 2926 codice
874 2859 981 2925 Trina.
1003 2862 1123 2924 exstare
1145 2880 1230 2925 nunc
1244 2859 1390 2924 medooet

255 2976 436 3055 Nauckius,
462 2977 516 3060 qui
540 2975 634 3041 huius
656 2975 802 3042 lectionis
821 2975 1039 3064 praestantiam
1062 2976 1210 3062 ignorans
1230 2974 1389 3062 vulgatum

256 3083 388 3156 errorem
411 3091 565 3156 intactum
588 3091 725 3178 reliquit.
747 3091 837 3158 Nihil
858 3097 959 3157 autem
984 3091 1177 3176 frequentius
1207 3113 1299 3175 quam
1324 3109 1390 3176 par·

255 3206 372 3272 ticulae
393 3202 430 3271 δέ
442 3211 472 3271 et
485 3207 570 3272 verbi
586 3202 652 3288 ἒςίν
670 3209 704 3272 in
721 3207 810 3273 codd.
827 3207 1021 3294 permutatio.
1039 3205 1086 3271 cf.
1103 3205 1261 3286 Bastium,
1274 3205 1389 3270 Gomm.

258 3321 417 3409 Palaeogr.
441 3323 502 3387 tab.
527 3323 577 3388 VI
599 3345 683 3388 num.
707 3327 737 3388 3.

302 3438 462 3502 Praeterea
480 3439 543 3503 fero
565 3437 670 3522 malim
694 3426 936 3523 οἶοφαλέςερον,
962 3434 1165 3519 similiterque
1189 3435 1223 3498 in
1245 3434 1354 3522 fragm.
1374 3453 1389 3494 e

256 3554 445 3638 Melanippa
476 3577 522 3640 ap.
546 3554 632 3619 Stob.
656 3553 765 3629 LXX,
788 3553 810 3616 4
834 3573 860 3616 ο.
884 3575 927 3616 vs.
952 3557 971 3616 5
997 3573 1040 3635 sq.
1064 3550 1257 3636 scripserim:

414 3667 555 3742 πλοῖπος
577 3660 606 3734 δ’
626 3658 766 3741 ἐπακτὸς
787 3663 821 3731 ἐκ
840 3643 1025 3751 γοναικείωο
1046 3654 1158 3750 γάμων.

413 3770 582 3866 ἀνόνητον·
1343 3846 1345 3850 ⁴

257 3891 311 3956 ubi
335 3891 480 3980 vulgatur
499 3882 657 3981 ἀνόνητος.
681 3891 787 3956 Genus
811 3895 971 3966 neutrum,
994 3888 1077 3975 quod
1101 3888 1212 3954 Graeci
1233 3884 1388 3951 incalibus

260 3997 402 4071 adhibere
434 4007 552 4086 solent,
591 4005 698 4070 ¹sedulo
734 4028 750 4069 a
785 4005 922 4072 librariis
954 4005 1066 4070 vitium
1104 4001 1335 4088 suspicantibus
1356 3998 1386 4061 in

258 4122 461 4188 masculinum
487 4127 637 4188 mutatum
662 4143 742 4198 esse,
766 4122 944 4207 saepissime
967 4123 1068 4206 potest
1095 4116 1258 4184 observari.
