2964 5160
627 443 689 506 103

128 614 251 682 Locum
276 613 544 701 corruptissimum
569 617 656 680 tento
679 617 741 682 sio:

552 718 665 804 ούτις
684 722 827 816 operm
843 717 1008 821 φθόνος

292 842 369 906 τῶν
388 829 486 906 αὐτόν
505 830 629 906 αὑτοῦ
648 831 677 926 χ’
696 834 798 930 ἄνδρα
818 832 1011 908 πεύθεσθαι
1031 837 1120 931 πέρι.

85 952 103 1015 i.
128 973 152 1025 e,
186 953 277 1018 nihil
309 954 440 1038 impedit
473 955 633 1039 quominus
666 956 735 1040 quis
770 957 898 1020 νινινλλοι
930 957 969 1020 de
1000 956 1068 1020 suis
1101 957 1223 1042 quidem
1250 1047 1251 1050 Ἴ

84 1067 183 1152 ipsios
207 1071 299 1134 ναύνι
316 1073 489 1154 ι’νιλαννομιλ.
513 1070 561 1136 cf.
584 1091 612 1136 v.
628 1091 654 1134 o
671 1068 783 1135 Aesolr
807 1073 867 1157 Ag.
885 1073 967 1136 835:
990 1071 1079 1143 ταῖς
1102 1061 1223 1147 αύτός

84 1171 204 1246 αύταῦ
232 1171 377 1270 πήμασιν
396 1173 582 1271 βαρύνεται.
603 1184 840 1251 δαλιιιολὶνσω
862 1177 942 1271 ἀνὴρ
965 1189 998 1251 et
1016 1183 1090 1250 olibi
1108 1184 1220 1271 possim

83 1293 162 1379 apud
186 1297 328 1383 tragicos
348 1297 475 1384 ponitur
493 1319 549 1384 pro
569 1301 750 1385 pronomine
772 1298 955 1380 indefinito,
988 1305 1037 1380 et,
1058 1321 1098 1366 rre
1119 1321 1223 1366 exem·

83 1408 164 1495 plum
186 1410 288 1489 desit,
312 1412 346 1476 in
368 1419 443 1478 noto
467 1411 535 1478 loeo
558 1413 753 1501 Sophocleo:

445 1515 551 1614 ἄνδρα
570 1519 600 1593 δ’
621 1519 763 1616 ω’φιλεῖν
784 1518 846 1615 ἀφ’
867 1551 913 1592 ων

293 1629 362 1719 ἔχοι
381 1657 418 1702 τε
439 1635 493 1702 καὶ
512 1629 643 1704 δύναιτο
668 1634 816 1715 νάλλιτος
835 1630 953 1706 πόνων.

124 1748 181 1813 Vs.
191 1751 260 1815 859
271 1773 279 1812 ι
291 1749 343 1814 νῦν
361 1741 423 1836 μὰρ
443 1745 599 1831 μέλλουσι
616 1755 809 1834 μιανθεῖσαι

291 1863 434 1948 πεῖραι
452 1851 602 1928 καπύνων
622 1855 858 1950 οἶνόροδαλνιτων

292 1965 312 2061 ἢ
332 1963 417 2038 πάνυ
442 1962 556 2061 θήσειν
574 1965 829 2060 Ἀγαμεμνονίων

294 2065 397 2149 οἴκων
411 2075 553 2173 ὄλεθρον
573 2083 637 2152 nri.

85 2195 241 2262 Prometh.
265 2200 331 2262 423
359 2198 477 2264 Arabes
492 2198 657 2266 dicuntur:
680 2188 777 2275 δόλος
797 2191 917 2289 ςρατός
945 2186 1221 2286 όξυπριύροισι

84 2307 215 2404 βρέμων
237 2309 270 2376 ἐν
291 2307 433 2394 αἰχμαῖς.
455 2314 548 2378 Unde
568 2317 709 2403 suspicor
732 2317 767 2380 in
790 2337 897 2394 versu,
919 2335 1009 2401 quem
1032 2316 1219 2388 tractamus,

86 2423 304 2512 corrigendum
325 2446 404 2490 esse:
424 2431 615 2506 μιανθεῖσαι
635 2429 795 2517 πρῷραι
816 2419 965 2494 ναντύνων
983 2422 1047 2492 nri.

128 2538 184 2604 Vs.
194 2541 235 2603 97
242 2545 278 2604 5:
294 2536 438 2620 Σεμναὶ
458 2535 517 2620 μὲν
531 2527 613 2626 ἦσαν
629 2538 662 2605 ἐν
678 2529 816 2628 θρόνοις
834 2528 912 2606 τόθ’
930 2531 1058 2626 ἥμενοι,

293 2648 389 2739 φλλοι
410 2647 448 2716 δὲ
464 2649 519 2715 καλ
535 2652 607 2733 νῦν,
628 2647 675 2728 ως
693 2642 863 2718 ἐπεικάσαι
882 2640 998 2716 πόθει.

127 2764 288 2832 Mehlerus
298 2765 332 2829 in
345 2764 496 2830 Mnemos.
509 2765 560 2831 VI
571 2789 640 2854 pag.
655 2769 717 2832 107
734 2761 847 2850 σεμνοὶ
869 2769 1049 2850 corruptum
1061 2783 1126 2828 esse
1137 2764 1220 2826 reete

85 2877 281 2970 intelligens,
315 2878 569 2946 substituendum
599 2885 689 2968 putat
709 2878 799 2959 ξυναὶ
829 2882 850 2946 i.
883 2902 908 2945 e.
928 2874 1039 2945 κοινολ.
1073 2878 1122 2943 Ex
1153 2897 1220 2940 mes

85 2995 206 3076 quidem
230 2995 383 3060 sententio
420 2995 584 3081 imperiose
613 2997 784 3083 requiritur
807 2983 998 3062 vocobulum¹
1020 2989 1221 3081 signifiosndi

85 3116 236 3193 potestate
259 3110 313 3174 vix
338 3109 490 3176 diversum
524 3135 542 3176 s
574 3113 715 3198 sequenti
737 3109 852 3197 φλλοι,·
875 3133 970 3198 quere
993 3114 1047 3176 sut
1074 3110 1121 3175 ite
1139 3107 1219 3173 sori-

87 3223 234 3304 bendum,
257 3230 294 3290 ut
321 3224 375 3289 ille
397 3229 579 3314 proposuit,
601 3234 666 3304 eut,
688 3227 772 3313 quod
793 3228 964 3293 mutatione
991 3225 1084 3292 etiam
1102 3223 1219 3290 leniore

86 3341 192 3425 reponi
205 3340 320 3426 possit:
345 3329 520 3424 Σύμντνοι
539 3337 598 3424 μὲν
617 3329 700 3429 ἦσαν
718 3336 782 3406 uss.
813 3341 901 3406 Idem
923 3339 1082 3406 Mehlerus
1104 3338 1221 3427 optime

87 3443 193 3519 πάθει
222 3454 383 3541 rescripsit
414 3476 469 3541 pro
491 3444 600 3542 πύθη.

129 3567 186 3633 Vs.
203 3573 285 3634 997:
308 3565 341 3633 τί
356 3591 417 3634 νιν
438 3565 664 3656 προσείπω,
685 3563 751 3632 καὶ
773 3559 874 3652 τύχω
894 3557 980 3651 μόλ’
999 3563 1164 3653 εύςομαῖνς

87 3680 265 3770 Legendum
297 3687 386 3770 puto:
416 3676 450 3745 τί
476 3703 541 3745 νον
568 3671 801 3768 προσειπών
827 3705 884 3748 νιν
910 3671 1062 3767 τύχοιμ’
1089 3672 1135 3747 όν
1166 3667 1231 3746 εύ-Ι

91 3796 215 3880 ςαμῶν,·

130 3913 234 3976 1012:
290 3897 396 3996 φόνου
419 3901 562 3993 δύναμὶς
579 3897 647 3984 ξύν
667 3895 792 3994 χρόνῳ
815 3897 1044 3992 ξυμβάλλεται.

89 4019 211 4112 Inspice
242 4023 364 4100 looom,
393 4025 425 4086 et
458 4019 573 4084 senties
598 4039 701 4085 verum
737 4043 818 4086 esse:
850 4020 906 4106 opi
925 4011 1056 4111 χρόνῳ
1076 4011 1221 4104 ξυμβάλ-

91 4132 186 4204 ieros.

133 4251 221 4318 1014
232 4271 313 4338 sqq.:
335 4247 419 4315 Νῦν
440 4239 559 4314 αὐτόν
581 4245 690 4329 arvo,
718 4248 772 4313 νῦν
791 4236 973 4330 α’ποιμιύζω
994 4241 1109 4334 παρών

335 4352 555 4450 πατροκτόνον
571 4354 608 4426 θ’
628 4354 768 4452 ὕφασμα
788 4359 998 4450 προσφωνῶν
1016 4347 1106 4424 τόδε.
