2964 5160
804 441 866 506 134

266 629 336 676 rum
368 611 647 698 institutorumque
684 618 926 701 peregrinorum.
949 617 1128 706 Iregendum
1153 621 1269 709 igitur:
1292 612 1391 692 ὅπως

266 715 388 806 perago
404 722 467 790 κτὲ.
490 729 541 791 Ita
565 727 688 794 demum
711 734 795 796 reete
814 732 969 816 sequitur:

475 878 514 888 -
534 831 606 906 τάδ’
628 837 701 928 ἡμῖν
721 837 1074 927 ἐκπονουμέναισιν
1097 838 1150 916 ed.

156 965 159 972 '
268 949 302 1014 si
327 956 435 1016 eontra
459 953 614 1041 vulgatam
638 957 819 1036 retinueris,
849 957 897 1023 bis
920 959 1001 1024 idem
1024 961 1106 1029 dicet
1127 964 1246 1029 Medea.
1275 963 1396 1027 Dixerat
1468 939 1469 1010 i

267 1065 348 1130 enim
372 1068 433 1132 iam
453 1092 496 1133 va.
521 1074 606 1136 235:

467 1174 525 1247 κοὶν
545 1176 624 1268 τῷδ’
645 1175 732 1271 dyeia
750 1185 902 1273 με’γιςος,
926 1181 1060 1278 ἢκακὸν
1084 1191 1195 1274 λαβεῖν

467 1285 635 1381 taran·

267 1404 433 1470 Articulus
455 1408 589 1472 omissus
603 1407 780 1498 (ξυνευνόσῃ
801 1435 857 1499 pro
879 1414 929 1498 τῷ
947 1414 1129 1503 ξυνευνέτῃ)
1153 1439 1216 1481 non
1237 1417 1339 1504 magis
1353 1413 1400 1478 hie

268 1522 467 1602 offensionem
492 1521 585 1588 habet
603 1526 637 1590 in
660 1537 750 1612 poeta
772 1530 893 1616 tragico
915 1551 1006 1615 quam
1029 1554 1057 1596 ν.
1078 1554 1104 1598 o.
1124 1536 1187 1599 256
1202 1557 1209 1596 :
1225 1522 1402 1616 ὑβρίζομαι

269 1627 356 1721 προς
377 1625 496 1724 ἀνδρὸς
517 1649 548 1704 et
565 1640 639 1706 alibi
662 1645 788 1729 passim.

312 1748 368 1814 Va.
393 1754 473 1816 264:
496 1745 575 1843 nour)
597 1746 627 1819 δ’
647 1753 682 1831 ἐς
701 1748 798 1846 diario
817 1755 881 1824 κοὲ.
912 1761 975 1826 Pro
1004 1750 1034 1823 δ’
1056 1761 1124 1850 lege
1143 1750 1181 1840 τ’,
1215 1781 1286 1825 nam
1320 1777 1401 1844 prae-
1469 1823 1470 1838 i

268 1886 390 1952 gressae
412 1867 540 1934 voculae
558 1866 617 1952 μὲν
634 1872 799 1955 respondet
822 1863 852 1936 δ’
870 1898 915 1941 vs.
928 1875 1010 1942 266:
1029 1868 1106 1941 ὅταν
1125 1871 1154 1941 d'
1175 1871 1209 1949 ἐς
1230 1863 1326 1958 εὐνήν
1343 1866 1402 1934 tvd-
1469 1889 1470 1950 t

314 1979 369 2046 Vs.
405 1986 486 2048 rel:
516 1974 538 2072 ἢ
566 1981 826 2067 μαλθακισθένὲ
853 1981 972 2078 ὕςερον
1001 1985 1097 2076 μέγα
1119 1985 1257 2069 ςένειν.
1295 1983 1402 2050 Malim

149 2159 150 2162 ,
267 2089 679 2178 perseuerantiae.
702 2099 786 2183 9963
810 2101 925 2169 Aeseh.
947 2102 1038 2169 Eum.
1062 2108 1114 2168 59.

316 2206 372 2272 Vs,
386 2209 470 2273 322:
487 2202 533 2298 μή
543 2206 659 2301 λόγους
673 2214 771 2302 λέγε.
793 2217 955 2285 Fortasse:
971 2215 1094 2283 πλέκε
1112 2220 1134 2283 i.
1152 2239 1177 2282 e.
1195 2223 1285 2282 :reete
1303 2214 1403 2302 legen·
1469 2229 1470 2306 p

272 2322 344 2388 dum
367 2329 423 2390 est.

316 2440 371 2505 Vs.
413 2446 497 2506 384:
539 2431 663 2527 δόμους
681 2437 929 2533 ὑπερβαίνουσα
951 2445 1005 2511 καὶ
1024 2441 1202 2530 τεχνωμένη
1245 2467 1309 2510 non
1347 2465 1403 2510 uno

270 2555 390 2621 indicio
413 2559 537 2646 spurius
555 2581 620 2624 esse
641 2559 793 2647 arguitur.

315 2671 371 2736 Vs.
405 2675 490 2739 408:
524 2675 595 2747 τοῖς
615 2671 809 2762 Σισυφείοις
830 2677 914 2748 τοῖς
937 2664 967 2738 ν’
987 2663 1124 2748 Ἰἆσονος
1144 2663 1270 2760 γάμοις.
1306 2675 1402 2760 Lego:

270 2777 394 2852 τοῖσδ’
415 2780 549 2862 Ϊάσονος
568 2786 632 2854 aas.
655 2787 817 2871 Sequitur:

475 2901 620 2985 γεγῶσαν
639 2897 763 2966 ἐσθλοῦ
782 2892 909 2988 πατρὸς
927 2892 1038 2967 Ἠλίου
1057 2892 1156 2981 aetna,

476 3006 670 3091 ἐπίςασαι
691 3009 750 3076 δὲ·
770 3005 859 3101 πρός
878 3009 916 3077 δὲ
937 3010 991 3077 καὶ
1012 3004 1207 3099 πεφύκαμεν

476 3127 622 3208 γυναῖκες
640 3121 705 3190 nd.

268 3236 430 3302 Condicio:
455 3227 576 3301 ἔπειτ’
596 3227 790 3302 ἄνασσαν·
813 3229 901 3323 πρὸς
921 3234 959 3300 δὲ
978 3233 1042 3301 aare.

314 3351 370 3416 Vs.
392 3355 458 3418 602
479 3374 546 3437 sqq.
576 3353 682 3418 Iasoni
706 3349 842 3417 dicenti:
864 3338 946 3435 ου’νὴ
966 3338 1037 3414 udd'
1067 3346 1190 3436 (nempe
1211 3342 1269 3438 νῆν
1287 3338 1401 3439 φυγήν)

268 3463 375 3532 εἵλου·
396 3465 497 3551 μηδὲν
516 3456 614 3530 ἄλλον
635 3463 731 3532 αἰτιῶ
741 3463 907 3549 respondet
920 3461 1045 3528 Medea:
1061 3459 1095 3527 σι’
1114 3464 1247 3551 derium·
1263 3462 1334 3544 μῶν
1347 3485 1403 3548 γα.

267 3578 400 3662 μοῦσα
419 3575 483 3642 καὶ
503 3570 678 3666 προδοῦσα
699 3600 753 3662 σε;
774 3580 899 3644 Nubere
921 3578 1051 3642 Graecis
1072 3582 1118 3641 est
1136 3578 1321 3660 γαμεῖσθαι
1344 3597 1402 3640 non

269 3693 400 3777 γαμεῖν,
429 3697 461 3755 et
483 3689 561 3755 male
583 3692 727 3779 iungitur
749 3695 833 3760 Part.
857 3695 960 3786 Praes.
983 3715 1053 3758 oum
1074 3691 1255 3758 Praeterito.
1288 3693 1401 3758 Tento:

270 3804 340 3886 μῶν
370 3796 531 3890 γάμοισι
558 3799 836 3895 κατανιροδοῦσά
875 3829 932 3891 σε,·
963 3808 1013 3873 vel
1040 3807 1112 3891 μῶν
1136 3796 1301 3891 γάμοισι
1331 3829 1402 3871 σου

270 3907 445 4004 προδοῦσα
465 3937 522 4001 σε;
543 3918 564 3984 i.
584 3942 610 3983 e.
632 3943 705 3985 νυνι
722 3923 815 4008 forte
839 3925 928 3988 eoois
951 3931 982 3988 te
1011 3922 1135 4006 nuptiis
1158 3921 1320 4003 prodens?
1336 3921 1402 4006 (qua
1470 3995 1471 4012 γ

271 4031 387 4095 iniuria
407 4037 442 4096 tu
462 4056 510 4098 me
532 4035 690 4120 affecisti).

317 4147 373 4210 Va.
394 4150 458 4213 779
479 4155 511 4214 et
529 4173 588 4237 sq.:
610 4141 965 4236 γάμους-ἐγνωσμένα.
997 4151 1042 4217 Hr'
1068 4153 1130 4217 duo
1152 4174 1230 4228 oss,
1250 4151 1400 4216 metricam

269 4259 555 4348 interpretationem
577 4267 776 4331 eontinentes
799 4288 842 4330 va
863 4267 928 4330 ¹178
950 4255 1122 4351 οἷς-ἔχει,
1149 4288 1213 4332 uno
1232 4266 1328 4332 litura
1355 4264 1400 4328 de·

271 4375 365 4441 lendi.
389 4379 525 4446 Priorem
539 4380 647 4446 horum
664 4403 805 4448 versuum
818 4382 878 4446 iarn
891 4381 945 4446 alii
962 4381 1101 4467 spurium
1121 4403 1186 4446 erse
1206 4381 1399 4468 agnoverunt.
