2990 5156
785 455 826 517 20

240 627 293 711 qui
322 647 360 691 ex
387 647 453 691 mea
487 627 641 692 sententia
679 627 780 692 inesse
815 627 905 694 debet
938 629 1112 714 fragmento
1141 627 1305 716 Sophoclis
1338 649 1379 694 ex

240 743 410 830 Dcaccap.
428 743 515 810 Suid.
537 743 571 808 in
603 764 668 808 voc.
692 747 845 830 πεῖρα-
865 745 967 831 πεῖρα
989 740 1027 808 δὲ
1052 740 1108 807 καὶ
1134 733 1154 831 ἦ
1181 732 1304 830 βλάβη,
1332 732 1380 816 αἷς

239 851 272 920 ἐν
291 846 425 946 Δανάῃ
448 854 639 946 Σοφοκλῆς·

395 959 454 1035 oda
475 959 550 1034 olda
568 961 625 1058 τήν
646 960 705 1056 cciv
724 968 887 1054 πεῖραι·
914 957 997 1033 tad
1019 963 1213 1050 ἐπίσταμαι·

393 1079 453 1145 τοῦ
473 1075 594 1155 παιδὸς
616 1071 709 1155 ὄντος
729 1070 817 1144 τοῦδ’
838 1072 902 1164 ἐγώ
922 1068 1103 1164 διόλλυμαι.

283 1193 406 1259 Deinde
437 1195 549 1260 fluidas
573 1197 660 1260 affert
683 1195 809 1258 initium
838 1193 972 1258 Aiacis:

394 1299 460 1374 Ἀεὶ
482 1307 557 1390 μέν,
581 1297 608 1373 oi
628 1313 693 1374 παῖ
710 1306 878 1396 Λαρτίου,
903 1298 1042 1395 δέδοριιᾰ
1065 1326 1104 1371 σε

392 1412 535 1509 πεῖράν
554 1413 612 1487 τιν’
633 1419 759 1509 ἐχθρῶν
781 1411 931 1507 ἁρπάσαι
953 1409 1147 1508 θηρώμενον.

237 1556 299 1620 quo
322 1532 389 1600 scil.
412 1534 522 1622 probet
543 1538 662 1623 πεῖραν
688 1534 770 1622 apud
805 1531 989 1620 Sophoclem
1013 1534 1170 1600 interdum
1202 1531 1383 1621 siguificare

236 1641 370 1732 βλάβην.
406 1650 543 1730 Verum,
575 1651 833 1736 quemadmodum
863 1672 952 1715 nemo
983 1649 1076 1714 hodie
1106 1651 1140 1714 in
1173 1649 1281 1715 Aiacis
1309 1647 1381 1714 loeo

238 1783 303 1828 eam
347 1766 548 1853 significandi
591 1771 774 1854 potestatam
819 1765 970 1832 vocabulo
1002 1768 1103 1854 πεῖρα
1136 1765 1296 1843 tribuerit,
1332 1765 1381 1830 sic
1485 1783 1486 1786 ’

237 1877 360 1945 Danaes
390 1883 564 1970 fragmento
603 1905 665 1947 non
694 1886 794 1970 magis
829 1882 910 1947 idem
947 1881 1152 1947 demonstrari
1186 1903 1275 1969 posse
1308 1885 1381 1945 tnto
1485 1933 1486 1950 i

237 2000 415 2062 statuemus.
439 1999 527 2071 (luae
558 2004 659 2064 autem
685 2001 727 2065 sit
751 1998 794 2063 ibi
829 1997 923 2064 huius
956 1998 1148 2063 substantivi
1181 1999 1230 2064 vis
1262 1995 1382 2082 optime
1485 1977 1486 2054 l

235 2110 449 2200 intelligemus
472 2119 651 2201 reputantes
673 2117 764 2181 cerlo
787 2137 852 2181 esse
880 2115 999 2180 Acrisii
1026 2116 1070 2180 cd
1092 2115 1200 2206 filiam
1226 2115 1379 2199 Dcccb'n,

231 2234 396 2314 postquam
431 2233 506 2295 dccc
545 2231 694 2298 Perseum
724 2233 787 2296 ιάαι
818 2232 911 2298 ccicc
941 2239 1005 2309 eat,
1046 2229 1129 2315 quod
1159 2230 1229 2294 luce
1263 2228 1381 2294 clarius

237 2349 362 2430 apparet
389 2368 429 2410 ex
455 2368 544 2434 pron.
560 2339 670 2410 codd.
705 2348 813 2413 Sumta
847 2353 922 2414 sunt
953 2347 1053 2436 igitur
1087 2368 1103 2411 e
1138 2344 1262 2433 dialogo
1296 2346 1381 2410 inter

235 2465 351 2545 patrem
373 2466 404 2528 et
421 2462 525 2529 filiam.
552 2462 613 2528 Ille
639 2462 750 2529 Perseo
776 2464 914 2529 minitari
940 2468 1069 2530 mortem
1094 2462 1260 2547 multisque
1283 2459 1381 2548 simul

182 2603 185 2610 ⁴
235 2575 366 2642 Danaen
400 2579 559 2667 opprobiis
598 2579 770 2667 increpare,
809 2580 892 2666 quod
925 2581 987 2645 vim
1016 2579 1077 2645 sibi
1109 2577 1174 2644 lieri
1206 2599 1294 2664 passa
1325 2578 1380 2643 sit.

236 2694 322 2760 Haec
344 2718 467 2762 narrare
483 2697 504 2762 J
506 2697 572 2762 ovis
589 2697 773 2778 artificium,
784 2719 845 2782 quo
858 2697 905 2763 sui
920 2696 979 2762 sibi
994 2697 1113 2783 copiam
1126 2695 1235 2759 fecerit
1246 2697 1278 2759 et
1289 2692 1379 2758 obse-

235 2833 318 2876 crare
337 2818 466 2899 patrem,
488 2819 579 2878 utne
599 2815 752 2878 insontem
776 2812 905 2878 filiolum
929 2813 1097 2878 interimat.
1121 2811 1220 2876 Ouios
1232 2808 1379 2898 precibus

233 2948 424 3016 nequaquam
448 2927 598 2995 delinitus
620 2930 782 3004 Acrisius,
805 2935 836 2995 et
859 2951 966 3017 parum
990 2928 1062 2994 fidei
1085 2927 1201 2993 habens
1224 2947 1378 2992 assevera-

232 3043 313 3109 tioni
337 3044 418 3111 filiae
441 3035 498 3109 οὐκ
521 3034 611 3129 οἶδα,
635 3045 755 3132 inquit,
776 3035 833 3130 τήν
854 3037 911 3132 cqc
931 3047 1050 3132 πεῖραν
1068 3040 1131 3109 aci.
1156 3043 1277 3109 Horum
1308 3064 1378 3107 ver-

233 3160 340 3225 borum
372 3162 471 3250 igitur
501 3162 572 3251 quis
610 3185 718 3228 sensus
741 3184 808 3228 esse
831 3164 933 3248 potest
955 3164 1075 3247 praeter
1097 3159 1200 3226 hunc:
1227 3161 1281 3225 Ac
1308 3167 1377 3224 atu-

227 3299 321 3362 ριααι
359 3281 515 3365 quomodo,
531 3280 660 3345 inducto
692 3281 752 3358 cia,
787 3277 903 3342 acacio:
940 3277 1071 3341 saddoc
1093 3299 1188 3342 ιιιιιιαι
1210 3277 1283 3342 coci
1305 3276 1378 3342 cet?

231 3393 316 3482 Ergo
351 3394 587 3461 Substantivum
621 3397 724 3482 πεῖρα
752 3393 782 3458 h.
806 3392 827 3458 l.
850 3391 1028 3480 significare
1061 3391 1151 3456 debet
1183 3381 1375 3479 διαφθορά,

217 3510 490 3604 quemadmodum
525 3498 677 3591 Ἀιιικιςὶ
710 3509 838 3576 verbum
879 3506 996 3594 necoda
1029 3506 1110 3574 valet
1155 3501 1376 3592 διαφθείρειν.

232 3624 282 3694 Of.
305 3627 401 3693 Moer.
421 3629 456 3692 in
480 3649 547 3693 voc.
571 3627 677 3712 ibique
700 3627 896 3693 Piersonum.

275 3744 453 3812 Absurdum
467 3749 568 3810 autem
581 3744 722 3830 estquod
735 3748 870 3811 vertunt:
881 3741 1094 3808 calamitatem
1104 3747 1191 3807 ιιιαιιι
1203 3739 1307 3825 ignoro
1316 3744 1375 3804 cet.

276 4113 553 4200 corruptissimum
584 4114 792 4202 fragmentum
816 4135 854 4178 ex
878 4111 1071 4177 Andromeda
1094 4105 1265 4195 Sophoclea
1288 4106 1372 4194 apud

231 4228 427 4316 Hesychium
439 4231 472 4295 in
486 4253 554 4296 voc.
568 4228 719 4318 Κουρίοι,
733 4230 864 4308 etiamsi,
875 4229 947 4316 quia
956 4225 1170 4315 praecedentia
1181 4225 1373 4312 ignoramus,

232 4354 314 4410 certa
342 4347 521 4412 coniectura
546 4348 647 4411 sanari
673 4353 820 4432 nequeat,
851 4353 953 4411 tamen
978 4365 1039 4408 non
1064 4344 1131 4408 sine
1153 4341 1374 4430 probabilitate

230 4462 328 4529 multo
336 4449 463 4552 propius
476 4463 514 4527 ad
527 4463 668 4530 codicum
679 4465 865 4552 scripturam
873 4460 1028 4528 emendari
1036 4464 1149 4550 potest,
1156 4485 1246 4551 quam
1256 4461 1372 4528 hucus-
