2964 5160
615 441 675 503 181

131 612 160 694 1)
184 611 405 698 compendium
439 611 621 682 historicum
657 638 674 679 a
710 617 864 681 creatione
897 617 1006 681 mundi
1043 640 1138 703 usque
1174 620 1211 685 ad

90 725 242 791 Valentem
276 727 485 813 imperatorem
520 717 693 816 ἀκέφαλον,
730 731 884 816 incipiens
916 753 933 794 a
966 733 1085 799 verbis:
1119 755 1212 801 ..σου

89 829 227 928 duaque
255 839 308 905 καὶ
329 832 540 928 cinidoniam}
568 842 609 930 γῇ
642 842 896 932 περικεχυμένης
927 843 1112 931 προσέταξε
1139 868 1214 912 uue-

88 950 192 1036 ρέωμα
205 950 360 1036 γενέσθαι
370 951 403 1018 ἐκ
417 943 619 1020 restrictione
631 953 663 1022 ἐν
673 953 765 1040 μέσῳ
778 947 892 1022 edacia.
903 959 1097 1024 Terminatur
1110 966 1211 1026 autem

88 1065 199 1130 verbis:
222 1057 443 1153 προσβάλλειν
475 1066 679 1154 ἐπεχείρουν·
710 1065 764 1132 ἐπὶ
788 1059 916 1145 τούτοις
936 1070 974 1136 δὲ
993 1073 1145 1155 χαλεποῖς
1175 1068 1211 1163 ἡ,

87 1204 156 1264 quac
173 1182 294 1245 faciunt
316 1181 406 1246 finem
429 1182 642 1268 quaternionis
664 1169 724 1262 aqt'.
754 1183 850 1249 Deest
884 1188 1046 1269 quaternio
1069 1175 1126 1272 κγ’.
1151 1189 1212 1253 Co·

87 1296 159 1360 dicis
181 1297 323 1374 initium,
356 1302 392 1363 ut
411 1320 428 1360 e
450 1299 540 1382 primi
565 1298 778 1382 quaternionis
800 1300 919 1364 ratione
942 1309 1080 1387 apparet,
1116 1306 1212 1370 unius

86 1417 197 1476 tantum
230 1411 298 1477 folii
324 1412 444 1478 defectu
467 1412 596 1478 laborat.
628 1413 686 1478 Est
716 1420 816 1478 autern
842 1412 901 1480 hoc
932 1439 1008 1502 opus
1038 1409 1059 1503 ’l
1090 1410 1211 1506 φυσική

86 1525 204 1606 ἱστορία
223 1526 284 1592 τοῦ
306 1517 549 1608 Πολυδεύκους,
583 1551 673 1613 quam
712 1551 739 1594 a
777 1533 816 1594 17
822 1533 862 1596 95
899 1532 1036 1596 Joannes
1068 1534 1210 1618 Baptista

85 1638 269 1710 Bianconius
300 1666 337 1708 ex
371 1641 430 1707 hoc
458 1642 565 1707 codice
594 1643 778 1730 descriptam
802 1645 911 1711 edidit.
940 1648 1128 1712 Continetur
1150 1646 1210 1713 boc

90 1776 153 1840 opus
177 1758 262 1824 foliis
278 1762 340 1825 175
365 1760 386 1823 i.
411 1782 436 1823 e.
466 1761 509 1824 22
542 1760 812 1843 quaternionibus,
835 1768 963 1849 excepto
996 1765 1094 1849 primo
1118 1763 1211 1842 folio,

88 1871 171 1954 quod,
196 1881 231 1942 ut
255 1877 317 1940 iam
338 1875 491 1953 diximus,
514 1874 615 1960 periit.

122 2085 154 2168 2)
178 2081 352 2155 Quaternio
375 2071 422 2146 nd
446 2080 559 2167 incipit
583 2103 600 2144 a
623 2081 797 2147 vocabulis:
834 2073 1015 2168 οἱθέμητος,
1045 2072 1212 2162 μισοὶθεος

83 2186 239 2277 θεολμισος
262 2196 344 2282 (sic),
377 2219 454 2281 quae
474 2196 633 2260 emendate
659 2196 806 2283 leguntur
840 2197 873 2260 in
905 2196 1042 2260 editione
1074 2195 1209 2260 Beklreri

81 2307 175 2376 Berol.
208 2335 236 2378 a.
262 2315 347 2376 1846
388 2311 579 2378 Onomastica'
613 2313 775 2390 Pollusca,
808 2314 845 2376 A.
879 2313 897 2396 q
928 2315 979 2375 21.
1014 2310 1208 2396 Quamquam

83 2425 170 2491 codex
193 2433 336 2493 exaratus
364 2432 410 2492 est
434 2450 451 2490 a
473 2426 616 2505 librario,
643 2433 677 2491 ut
698 2426 747 2492 vel
767 2426 896 2492 utribus
919 2427 1027 2512 primis
1049 2424 1208 2490 vocabulis

81 2549 214 2625 apparet,
248 2543 464 2608 indoctissimo
488 2547 580 2628 atque
598 2542 830 2628 stupidissimo‚
860 2540 1101 2605 nihilominuse
1124 2541 1209 2604 fonte

80 2675 211 2724 manasse
228 2659 349 2724 videtur
366 2657 508 2723 nonnihil
529 2658 704 2736 sinceriore,
720 2680 809 2742 quam
834 2656 961 2742 reliqua,
974 2678 1051 2740 quae
1063 2655 1208 2719 habemus

80 2776 258 2860 exemplaria
283 2775 499 2860 manuscripta.
533 2773 710 2839 Dolsndum
742 2780 843 2838 tamen
878 2777 924 2836 est
957 2795 1019 2835 non
1050 2773 1207 2858 integrum

80 2888 297 2956 Onomastioon
321 2893 355 2955 in
379 2891 487 2956 codice
509 2889 583 2955 adeo
611 2895 733 2954 vetusto
754 2894 888 2964 exstare,
923 2889 975 2952 sed
998 2889 1207 2974 fragmentum

79 3023 137 3068 esse
160 3007 306 3072 foliorum
326 3007 369 3072 48
394 3006 452 3090 (=
475 3007 495 3071 3
519 3006 782 3090 quaternionum).
814 3005 938 3070 Finitur
961 3005 989 3069 B
1014 3005 1031 3088 b
1057 3005 1099 3068 77
1120 3026 1164 3068 vs.
1185 3008 1204 3066 6

79 3121 225 3189 vocabulo
247 3119 387 3195 Λυσίας.
409 3122 591 3208 Saepissime
607 3127 708 3186 autern
730 3128 759 3186 ct
779 3121 815 3185 de
830 3121 994 3196 industria,
1016 3127 1051 3184 ut
1065 3118 1205 3196 videtur,

79 3238 169 3304 multa
192 3237 343 3305 vocabula
363 3220 480 3303 omissa
502 3242 587 3315 sunt,
608 3238 653 3302 ita
675 3243 709 3302 ut
730 3260 791 3302 non
816 3258 886 3300 raro
904 3235 1052 3322 epitomes
1073 3234 1204 3321 speciem

79 3373 144 3435 prae
162 3379 195 3420 se
218 3357 310 3433 ferat,
335 3355 417 3419 unde
429 3354 482 3432 fit,
505 3359 541 3418 ut
558 3335 739 3419 cautissime
758 3352 818 3417 hoc
839 3352 947 3416 codice
971 3349 1118 3415 utendum
1141 3370 1206 3414 esse

78 3468 220 3537 videatur.
244 3471 368 3535 Etenim
391 3475 479 3535 tanto
502 3474 627 3556 stupore
658 3491 747 3554 saepe
769 3469 868 3532 oratio
893 3470 1055 3531 contracta
1090 3473 1137 3530 est
1170 3466 1203 3527 in

76 3581 215 3664 brevius,
242 3593 278 3652 ut
306 3587 511 3671 fragmentum
530 3583 750 3670 Aristophanis
773 3607 800 3649 v.
830 3605 855 3648 c.
889 3583 1046 3648 tribuatur
1073 3580 1205 3646 subinde

67 3695 210 3780 Platoni,
233 3702 280 3766 vel
301 3699 518 3787 Xenophontis
541 3698 726 3784 Antiphani.
750 3700 818 3765 Hos
842 3698 942 3785 igitur
970 3702 1017 3762 tot
1039 3702 1204 3781 tantosque
1322 3707 1324 3712 “

75 3833 185 3882 errores
205 3840 274 3882 cum
294 3815 460 3882 lectoribus
473 3815 699 3880 communicare
717 3814 852 3879 hominis
865 3813 942 3878 mihi
954 3835 1019 3878 csse
1042 3811 1203 3876 videbatur

74 3925 236 3998 immodice
266 3933 365 3996 aliena
391 3930 587 4016 indulgentia
620 3930 794 4008 abutentis,
826 3930 955 4014 ideoque
985 3951 1002 3992 c
1035 3925 1202 3991 collatione

74 4062 153 4126 mea,
175 4070 266 4134 quam
291 4071 361 4113 cum
380 4047 569 4134 pulvisculo,
586 4046 666 4131 quod
680 4047 777 4123 aiunt,
798 4044 967 4110 Mediolani
991 4043 1104 4129 degens
1127 4063 1201 4105 con·

73 4157 215 4244 feceram,
239 4188 272 4230 ea
296 4164 406 4251 selegi,
439 4188 516 4250 quae
544 4165 598 4228 aut
621 4161 714 4226 editis
737 4160 901 4224 manifesto
936 4162 1112 4243 praestent,
1146 4159 1200 4219 aut

74 4273 202 4362 aliquem
226 4286 309 4346 certe
339 4281 476 4345 fructum
510 4277 681 4344 scientibus
715 4275 858 4362 praebere
893 4295 983 4360 posse
1016 4273 1198 4347 videantur,

75 4390 245 4479 aliquande,
270 4397 321 4461 sed
337 4397 446 4475 rarius,
462 4394 652 4460 intermixtis
664 4390 889 4478 insignioribus
913 4389 1097 4474 quibusdam
1122 4387 1198 4451 scri·
