2964 5160
808 457 869 517 158
899 471 906 504 l

306 627 379 711 (lap.
400 630 442 690 52
466 645 561 711 prope
585 623 690 690 finem:
713 617 984 709 ἀπολαμβάνουσι
1005 619 1148 694 κόκεῖνον
1170 627 1203 694 ἐν
1220 633 1269 715 τῷ
1285 631 1390 720 [nortui
1469 618 1470 698 l

260 740 329 827 καὶ]
351 739 446 823 μυχῷ
465 737 525 803 τοῦ
545 735 683 818 λιμένος.
710 740 758 805 cf.
781 739 847 804 VII
872 763 936 826 cap.
961 747 991 805 4.

306 856 380 941 Cap.
404 854 446 920 53
470 873 564 937 prope
587 852 677 917 linem
702 877 843 943 expungo
871 847 928 943 τόν
949 856 1027 920 ναῦν
1049 864 1120 944 post
1142 849 1301 941 ἀφεῖσαν,
1325 881 1390 924 narn

260 969 450 1055 intelligitur
473 990 489 1032 a
512 969 698 1053 praegressis
720 959 852 1049 ὁλκάδα,

304 1087 371 1171 Cap
393 1085 435 1152 57
460 1085 534 1168 bd:
559 1077 729 1169 Αἰγινῆται
759 1074 809 1168 [o‘l
836 1071 914 1145 edua
942 1084 1078 1166 Atyanas
1109 1075 1229 1168 εἶχον],
1265 1082 1320 1148 καὶ
1349 1078 1393 1149 ἔτι

258 1196 395 1287 Ἐςιαιῆς
416 1195 461 1275 [οἱ
483 1193 515 1260 ἐν
537 1184 662 1277 Εὐβοίᾳ
679 1183 817 1272 ‘ugrum
837 1189 1010 1276 οἰκοῦντες]
1045 1187 1178 1264 ἄποικοι
1206 1186 1299 1270 ὅμως
1326 1195 1393 1274 ξυμ.

261 1304 469 1400 εςρόπεοσαν.
492 1307 573 1372 Ιοίό.
594 1307 613 1390 b
637 1310 673 1370 9:
695 1306 825 1392 Δωριῆς
852 1301 908 1370 ἐπὶ
939 1309 1070 1393 Δωριᾶς
1099 1301 1171 1393 μετ’
1190 1306 1393 1395 [Αθηναόιον]

260 1416 368 1492 ιΙιόνιον
387 1414 607 1510 ἡκολοόθουν,·
630 1442 692 1505 quo
714 1417 893 1484 emblemate
909 1421 1002 1505 periit
1018 1423 1119 1488 omnir
1135 1423 1289 1487 orationis
1305 1423 1394 1486 nitor.

306 1541 381 1625 Cap.
397 1543 438 1603 58
455 1538 552 1602 furcis
572 1535 688 1622 expelle
711 1532 878 1621 magistelli
902 1537 1006 1600 nescio
1027 1538 1118 1603 cuius
1142 1538 1395 1610 additamentum,

260 1654 343 1740 quod
372 1656 440 1740 ipso
467 1653 615 1717 sermonis
645 1650 747 1716 colore
773 1669 805 1712 se
831 1649 953 1734 prodit:
985 1639 1119 1716 δόναιαι
1147 1649 1185 1716 δὲ
1214 1647 1253 1717 τό
1287 1651 1396 1716 νεοόα-
1471 1673 1472 1746 p

260 1770 367 1850 μῶδες
389 1758 565 1852 ἐλεύθερον
588 1756 650 1851 ἤδη
671 1758 758 1830 εἶναι.
793 1766 843 1828 Au
874 1765 954 1828 forte
984 1770 1075 1850 putas
1108 1766 1220 1831 Nostri
1256 1765 1396 1850 aequales

260 1884 438 1968 ignorasse,
463 1878 539 1964 quid
552 1877 610 1943 hoc
623 1878 809 1943 vocabulum
822 1879 1037 1964 significaret?
1057 1883 1124 1946 Aut
1137 1904 1193 1945 cor
1204 1881 1276 1946 Lib.
1291 1880 1324 1946 V
1337 1884 1397 1957 34,

261 1997 314 2062 ubi
341 1995 377 2058 de
399 1993 455 2058 illo
488 1992 647 2058 hominum
671 1993 783 2080 genere
809 1995 937 2079 primam
969 1997 1155 2060 mentionem
1190 1997 1288 2076 fecit,
1319 1998 1396 2061 idem

262 2112 372 2176 docere
395 2109 580 2196 dedignatus
603 2110 776 2176 estlSont
800 2114 902 2174 autem
925 2108 1102 2174 huiusmodi
1127 2111 1397 2178 additamentam

258 2227 414 2320 imprimis
448 2227 573 2290 nomine
611 2227 803 2313 perniciosa,
846 2225 929 2310 quod
962 2231 1111 2290 veteram·
1128 2227 1339 2313 scriptorum,
1381 2250 1397 2291 a

261 2343 374 2429 quibus
392 2363 426 2406 ea
438 2342 576 2427 profecta
599 2363 664 2406 esse
687 2339 735 2404 vel
759 2340 874 2405 eruditi
887 2340 1036 2418 credunt,
1059 2339 1151 2406 fidem
1172 2361 1320 2428 arrogare
1343 2343 1397 2407 sibi
1472 2393 1473 2418 ι

148 2499 152 2506 -
261 2458 363 2523 solent
389 2461 421 2521 et
444 2456 670 2522 auctoritatem.
695 2454 811 2519 Verum
836 2477 918 2531 esse,
939 2454 1021 2538 quod
1042 2461 1183 2534 autumo,
1208 2457 1397 2523 documento
1472 2429 1473 2448 l

261 2577 335 2650 sint,
359 2593 435 2657 quae
458 2570 623 2636 Goellerus
644 2569 783 2654 disputat
806 2569 844 2634 ad
869 2571 899 2634 V
923 2592 988 2655 cap.
1009 2573 1063 2636 34.

305 2690 380 2774 Cap.
405 2691 464 2764 693
493 2677 665 2771 πατρόθεν
695 2677 724 2746 τ’
753 2673 962 2766 ἐπονομάζων
995 2681 1056 2748 καὶ
1087 2674 1231 2760 edredo
1263 2677 1398 2766 ὁνομαςὶ

260 2801 323 2867 καὶ
345 2789 459 2888 φυλήν.
489 2799 575 2872 Quid
601 2799 751 2863 orationis
778 2796 838 2862 hoc
866 2796 932 2861 est?
966 2800 1017 2861 Ao
1041 2798 1140 2884 igitur
1171 2801 1265 2863 etiarn
1289 2803 1398 2864 tritum
1473 2863 1474 2870 a

260 2913 457 3002 appellabant
480 2905 660 2999 παορόθεν.
694 2917 802 3000 Apage
832 2912 984 2997 ineptias!
1021 2921 1052 2977 et
1084 2913 1264 2998 Thucydidi
1299 2916 1397 2980 redde:
1473 2903 1474 2998 l

260 3019 432 3113 πατρόθεν
457 3017 486 3090 τ’
508 3015 719 3108 ἐπονομάζων
749 3017 892 3100 adrosis
929 3024 994 3092 καὶ
1034 3016 1172 3110 όνομαςὶ
1203 3027 1272 3094 καὶ
1304 3015 1398 3093 nord

292 3129 349 3203 vd'
369 3187 377 3203 .

261 3162 380 3337 φῦόό.
405 3254 445 3317 73
472 3252 491 3334 b
516 3251 554 3315 32
574 3247 628 3313 καὶ
650 3241 783 3316 οὐκέτι
803 3241 972 3314 ἔπειθεν
993 3240 1112 3324 αόιοός
1134 3242 1398 3340 όἘρμοκρότης.

261 3373 421 3454 Perperam
445 3389 461 3429 e
484 3365 573 3428 codd.
597 3363 677 3427 hanc
697 3362 864 3427 lectionem
888 3364 921 3425 in
952 3361 1092 3427 ordinem
1119 3371 1305 3451 receperunt
1337 3363 1400 3428 edi·

261 3493 356 3556 tores,
380 3503 476 3566 quum
499 3486 590 3557 antea
621 3479 794 3544 rectissime
816 3477 976 3541 ederetur:
997 3473 1050 3542 καὶ
1072 3471 1130 3542 oda
1151 3473 1300 3544 ἔπειθεν.
1326 3480 1399 3543 Par·

262 3598 361 3664 ticula
382 3592 430 3661 ἔτι
453 3593 666 3680 dittographia
682 3601 754 3658 nata
770 3599 817 3657 cst
832 3615 870 3656 ex
883 3591 1000 3657 duabus
1013 3591 1122 3677 primis
1133 3590 1235 3656 literis
1255 3594 1399 3659 vocabuli

262 3713 424 3798 sequentis¹
448 3710 540 3782 Quod
563 3710 643 3773 enim
665 3708 757 3773 hodie
780 3708 935 3793 vulgatur,
958 3705 1150 3792 significaret
1163 3705 1398 3773 Hermocratem

262 3832 361 3916 primo
377 3826 500 3911 quidem
523 3827 712 3911 persuasisse
734 3823 883 3901 ducibus,
907 3821 1017 3886 deinde
1038 3843 1109 3885 vero
1132 3844 1195 3885 uon
1220 3823 1368 3910 amplius.

253 3950 257 3960 '
308 3946 445 4028 Capto
469 3940 539 4004 init.
561 3961 616 4024 pro
638 3931 657 4026 ἡ
680 3931 872 4016 όνόςασις
893 3936 1092 4002 scribendum
1116 3937 1241 4001 videtur
1266 3931 1286 4023 ἡ
1308 3930 1400 4002 ἅπα-

261 4055 434 4137 νόιςαοις.
459 4057 541 4120 Νοιο
565 4050 720 4132 α’νόςασις
741 4059 807 4128 est,
843 4052 946 4137 qualis
972 4051 1159 4117 describitur
1181 4075 1210 4117 r.
1230 4075 1257 4117 c.
1275 4051 1347 4116 Lib.
1366 4051 1399 4113 Π

263 4195 328 4258 cap.
356 4175 398 4236 14
432 4177 509 4236 extr.
539 4161 781 4245 Ἀπανόςαοθαι
813 4175 920 4232 contra
951 4167 1094 4231 sollemni
1125 4189 1184 4232 usu
1213 4168 1333 4232 dicitur
1367 4165 1400 4228 de

261 4289 418 4365 exercitu,
438 4287 491 4370 qui
514 4307 547 4349 re
569 4283 684 4346 iniecta
706 4282 879 4347 abducitur.

307 4405 381 4488 Gap.
407 4407 445 4466 78
465 4401 535 4465 init.
547 4398 628 4483 lege:
654 4388 740 4477 ὁμὲν
761 4394 878 4469 Νικίας
898 4394 1063 4461 τοιαῦτα
1083 4385 1396 4483 παρακελευόμενος.
