2990 5156
662 443 703 507 53

157 614 244 681 stob.
269 614 335 681 uel.
360 613 453 699 Phys.
480 617 513 693 1,
538 619 575 693 4,
601 617 642 681 ld
666 638 695 702 p.
718 619 793 684 108.
814 607 890 706 Edu.
913 615 1161 706 Μελανίππῃ.

321 729 444 794 δοκεῖτε
460 729 568 818 πηδᾶν
585 721 772 816 τᾶδικῆματ’
788 728 837 805 εἰς
854 721 950 807 θεοὺς

320 842 488 928 πτεροῖσι,
507 831 633 908 κᾶπειτ’
648 839 681 907 ἐν
697 834 778 916 Διὸς
797 838 911 907 δέλτου
928 845 1067 924 πτυχαῖς

321 941 461 1041 γράφειν
478 944 536 1018 τιν’
550 943 647 1037 αὐτά,
670 953 758 1044 Ζῆνα
777 948 806 1019 δ’
825 942 1002 1041 εἰσορῶντᾶ
1021 976 1066 1018 νιν

323 1067 451 1152 θνητοῖς
468 1055 624 1148 davidem
642 1055 711 1131 οὐδ’
730 1057 748 1131 ὁ
768 1063 836 1139 πᾶς
855 1056 894 1130 dv
910 1055 1049 1152 ον’ρανός

281 1181 297 1236 5
319 1171 536 1261 ἐξαρκέσειεν,
554 1168 625 1243 ov'd’
643 1177 761 1251 ἐκεῖνος
778 1167 817 1241 div
836 1175 969 1241 σκοπῶν

320 1284 487 1371 πέμπων
508 1278 538 1354 θ’
556 1278 661 1374 ὲκᾶςῳ
684 1286 817 1377 ζημίαν·
836 1276 907 1352 ᾶλῖ’
926 1278 946 1374 ἡ
966 1283 1048 1374 Δίκη

320 1387 464 1464 ἐνταῦθά
482 1389 597 1480 ποᾶςιν
616 1391 725 1486 ἐγγύς,
746 1395 778 1465 εἰ
795 1387 954 1482 βούλεσθ’
972 1390 1061 1485 ὁρᾶν.

155 1513 262 1578 Locus
288 1511 333 1576 ita
356 1511 536 1578 emendatus
549 1562 557 1588 ,
580 1520 616 1580 ut
631 1513 778 1592 exhibui,
794 1517 865 1600 epte
881 1510 1020 1578 decurrit
1034 1516 1066 1576 et
1080 1509 1248 1576 facillimus

109 1632 160 1694 est
190 1627 230 1694 ud
252 1625 503 1715 intelligendum.
527 1628 634 1718 Vulgo
658 1635 798 1718 postus.
822 1632 844 1692 4
867 1627 993 1694 additur
1020 1649 1126 1692 versus
1150 1627 1248 1691 maui-

108 1745 191 1809 festo
212 1741 354 1829 spurius,
376 1763 467 1827 quem
489 1743 595 1810 omisi:

319 1849 399 1929 Διὸς
415 1846 601 1945 γράφοντος
614 1850 674 1934 τᾶς
694 1856 824 1946 βροτῶν
836 1846 1008 1944 ᾶμαρτῖας.

157 1969 305 2057 Spurium
332 1972 432 2035 eutem
468 1993 534 2036 esse
564 1971 613 2039 vel
642 1954 719 2038 inde¹
735 1974 876 2059 apparet,
898 1969 980 2055 quod
1004 1974 1107 2056 aperte
1131 1963 1248 2056 pugued

111 2108 185 2152 eum
209 2107 253 2150 vs.
288 2088 326 2162 2,
362 2087 399 2148 3:
430 2073 558 2149 κᾶπειτ’
574 2082 607 2151 ἐν
626 2079 706 2160 Aede
728 2083 845 2152 δέλτου
869 2085 1009 2167 πτυχαῖς
1026 2072 1165 2172 γρᾶφειν
1182 2074 1250 2148 τιν’

112 2190 216 2283 eisd,
243 2220 304 2284 quo
331 2197 493 2276 doeemur,
524 2220 585 2264 nou
619 2199 721 2286 ipsum
744 2201 868 2278 Iovem,
891 2197 945 2262 sed
968 2196 1063 2262 ulium
1087 2196 1248 2281 quemdam

112 2314 232 2380 neribus
245 2335 369 2380 munere
380 2314 480 2401 fungi.
503 2313 671 2390 Praeterea.
683 2314 813 2402 expulso
825 2290 887 2380 isio
909 2333 1009 2392 versu,
1025 2313 1141 2399 optime
1154 2311 1248 2377 habet

114 2422 248 2510 ἐκεῖνος,
261 2429 344 2514 quod
361 2448 545 2516 pronomen,
568 2428 620 2495 ubi
635 2431 773 2516 proxime
794 2430 817 2495 J
817 2431 884 2498 ovis
900 2450 1008 2495 nomen
1025 2429 1248 2516 praecessisset,

114 2564 258 2629 perquem
281 2545 360 2610 foret
379 2542 619 2610 incommodum.

159 2658 320 2725 Praeterea
337 2682 383 2726 vs.
402 2664 421 2724 6
446 2656 680 2746 prussiensis,
705 2661 758 2746 qui
779 2660 841 2726 qu.
865 2680 928 2724 non
951 2659 1044 2726 habet
1070 2657 1152 2724 uude
1175 2679 1248 2745 peu-

116 2774 201 2853 dest,
226 2774 264 2842 de
288 2777 466 2845 eonieeturu
491 2799 555 2843 mee
578 2778 701 2864 reposui
730 2775 870 2859 πέμπων
885 2780 930 2841 θ’.

161 3355 246 3422 stob.
269 3356 433 3437 LXXVI,
459 3361 519 3434 10,
543 3379 571 3422 ο.
598 3347 675 3444 Εᾶρ.
695 3353 949 3443 Μελανίππη.

263 3459 335 3550 'ige
353 3462 383 3535 d’
400 3461 517 3560 ᾶφρων
534 3462 597 3549 ὤν,
617 3463 688 3548 ὅςις
709 3463 841 3543 ἄτεκνος
864 3460 909 3533 div
928 3461 967 3534 τό
987 3468 1066 3558 πρὶν

165 3618 168 3622 ·
269 3584 392 3658 παῖδας
410 3584 575 3671 θυραίους
591 3582 640 3659 εἰς
657 3572 780 3663 δόμους
798 3575 972 3668 ἐκτήσατο,

270 3687 327 3780 τήν
343 3698 461 3784 μοῖραν
477 3694 526 3771 εἰς
542 3688 581 3763 τὸ
598 3688 643 3783 μή
662 3686 767 3781 χρεών
782 3691 1022 3782 παραςρὲφων·

271 3794 300 3890 ᾦ
316 3804 377 3893 γᾶρ
393 3807 470 3873 θεοὶ
491 3808 607 3875 διδῶσι
618 3800 664 3895 μή
680 3807 783 3895 φῦναι
799 3803 903 3886 τέκνα,

271 3908 311 3984 οὐ
330 3911 394 4007 χρῆ
413 3912 617 4004 μάχεσθαι
633 3911 721 4008 πρός
738 3910 777 3984 τᾶ
791 3922 902 3999 θεῖον,
924 3907 994 3982 ἀλλ’
1014 3913 1076 3980 ἐᾶν.

161 4029 216 4096 Vs.
225 4032 245 4094 5
255 4028 401 4118 vulgatur
409 4020 619 4117 ’γκοιλεῖσθακ
634 4033 728 4118 quod,
741 4032 867 4098 iubente
879 4029 1032 4096 sententia
1040 4028 1111 4107 loui,
1124 4029 1254 4094 correxi.

115 4145 359 4232 Perpetem,nisi
370 4146 472 4224 fuller,
486 4147 653 4214 Nuuekius
668 4171 706 4214 ex
722 4170 777 4214 sua
794 4147 975 4214 coniectura
987 4143 1087 4209 edidit
1097 4141 1253 4229 γοᾶσθαι.

13 4311 14 4322 ,
118 4261 180 4334 Qui
205 4260 289 4326 euim
311 4252 369 4346 τήν
387 4262 506 4348 μοῖραν
528 4257 576 4338 εἰς
592 4254 631 4329 τό
658 4255 702 4351 μὴ
723 4253 827 4350 χρεών
850 4255 1077 4347 παραςρέφειν
1107 4263 1253 4333 conetur,

118 4380 144 4442 is
165 4399 226 4442 nou
249 4373 351 4442 hercle
369 4372 497 4457 γοᾶται,
518 4365 733 4459 εεᾶμᾶχεται
753 4373 802 4458 uqi
821 4370 905 4456 θεῖοι
926 4395 951 4436 s.
978 4364 1065 4458 πρός
1090 4366 1129 4439 sd
1152 4373 1253 4436 θεῖον.
