2990 5156
647 462 689 522 89

147 629 173 696 E
196 629 349 702 Quinctil.
373 627 451 694 Inst.
477 633 515 708 3,
548 634 585 707 1,
611 633 654 698 14
676 638 800 720 apparet
824 655 840 697 e
862 634 1038 702 Phineum
1057 637 1160 704 fabula
1175 638 1232 704 hos

107 767 206 811 versus
230 749 369 832 sumptos
400 767 482 823 esse,
513 768 550 812 ex
582 747 734 814 Cicerone
756 748 794 814 de
816 750 904 815 Orat.
926 752 999 831 111,
1023 757 1083 832 85,
1107 757 1170 819 141
1194 754 1233 821 ab

105 861 168 947 ipso
194 859 370 926 Philoctete
396 861 493 926 fuisse
523 863 751 948 pronuntiatos.
772 865 959 932 Graecorum
982 867 1081 956 igitur
1102 870 1157 954 qui
1180 868 1233 935 hic

105 981 285 1040 memoratur
313 975 488 1040 excercitus
512 977 565 1043 vix
588 977 669 1045 alius
692 1001 758 1044 esse
779 985 901 1068 potest,
923 1003 1014 1068 quam
1037 983 1091 1068 qni
1114 1005 1233 1072 expug-

104 1089 332 1156 navitTroiom.
356 1091 416 1156 His
438 1091 560 1178 positis,
582 1093 659 1160 mibi
682 1094 809 1180 quidem
828 1094 1080 1162 obscurissimum
1097 1102 1161 1175 est,
1177 1121 1234 1164 cur

104 1204 239 1270 additum
269 1206 312 1272 sit
334 1205 522 1271 adiectivum
545 1195 677 1282 παντός.
700 1210 833 1276 Manum
854 1216 980 1299 poetae,
1000 1233 1090 1297 quem
1108 1201 1234 1300 Euripi-

103 1319 165 1384 dem
188 1342 256 1386 esse
278 1325 353 1386 sunt
376 1321 431 1406 qni
454 1319 655 1407 probabiliter
683 1324 899 1410 suspicentur,
927 1326 1072 1394 restitues
1104 1329 1235 1394 fortasse

103 1434 283 1501 scribendo:

252 1539 337 1636 ὑπέρ
358 1570 395 1634 ye
413 1547 524 1636 μέντοι
544 1549 615 1616 τοῦ
636 1543 892 1641 Πανελλήνων
914 1555 1037 1642 ςρασσῦ

252 1653 388 1749 αἰσχράν
410 1659 537 1726 amado
557 1654 750 1751 βαρβάρους
769 1654 800 1728 d’
820 1663 875 1730 ἐᾶν
896 1662 1007 1751 λέγειν.

101 1772 275 1859 Comparari
299 1774 417 1860 poterit
437 1796 466 1840 v.
490 1797 517 1840 c.
539 1773 610 1862 Iph.
634 1776 708 1842 Aul.
731 1781 806 1844 350.

140 1887 311 1976 Vulgatam
334 1886 499 1956 lectionem
522 1891 675 1980 originem
706 1892 814 1959 debere
835 1899 912 1982 puto
935 1892 1114 1960 huiusmodi
1138 1894 1234 1961 libro·

101 2023 163 2068 rum
187 2005 378 2091 scripturae:

302 2195 390 2292 ιῗνιέρ
412 2226 448 2289 γε
470 2203 579 2289 nimos
600 2145 847 2295 άάυνελλήνων
868 2211 997 2298 ςρατοῦ.

20 2607 21 2618 2
141 2555 246 2621 Schol.
269 2559 323 2622 Ar.
346 2560 404 2622 Au.
430 2559 514 2622 1647
546 2551 661 2646 (δεῦρ’
689 2553 740 2633 ὠς
771 2553 828 2642 ἔμ’
857 2549 1140 2648 ἀποχώρησον,
1171 2557 1235 2624 ἵνα

100 2665 134 2734 σι’
162 2688 227 2736 σοι
256 2661 411 2759 φράσω)
438 2661 525 2760 δεῦρ’
553 2663 599 2745 ὠς
629 2660 679 2754 ἔμ’
705 2663 936 2760 ἀποχώρησον]
966 2663 1018 2738 ὅτι
1045 2665 1159 2755 ὅμοιον
1186 2671 1235 2755 τῷ

99 2769 188 2866 τόπῳ
211 2780 342 2867 ἐκείνῳ·

242 2886 331 2980 δεῦρ’
352 2892 455 2960 ἐλθέ·
477 2891 543 2960 σάν
565 2893 629 2961 σοὶ
648 2888 751 2960 τᾶλλα
769 2886 933 2977 βούλομαι
953 2884 1093 2983 φράσαι.

137 3007 276 3073 Verbum
301 2997 442 3094 φράζειν
474 3031 640 3094 numquam
664 3011 781 3094 Graece
804 3009 933 3096 ponitur
958 3028 1013 3095 pro
1036 2997 1235 3097 φράζεσθαι

98 3123 116 3186 i.
137 3145 161 3188 e.
184 3124 376 3202 deliberem,-
399 3124 505 3208 itaquo
528 3121 658 3210 φράσαι
678 3115 737 3191 σάν
757 3121 820 3190 τινί
839 3146 870 3188 τι
889 3146 929 3188 ne
952 3123 1085 3211 cogitari
1109 3120 1234 3206 quidem

99 3244 209 3322 potest.

138 3355 213 3420 Nisi
237 3355 359 3442 egregie
382 3352 490 3431 fallor,
510 3355 631 3442 tragico
654 3353 813 3418 lenissima
833 3353 1004 3418 mutatione
1027 3350 1233 3417 reddendumz

217 3464 305 3552 δεῦρ’
327 3460 393 3534 ἔλθ’
414 3462 455 3544 ἐς
475 3457 543 3542 οὖς
563 3487 629 3533 σοι
649 3457 751 3530 edcta
772 3456 932 3550 βούλομαι
954 3456 1094 3554 φράσαι.

139 3582 240 3654 Quam
265 3583 452 3647 verissimam
477 3581 718 3647 emendationem
735 3579 829 3644 debeo
843 3579 914 3645 loco
929 3579 1037 3667 Enrip.
1052 3577 1120 3644 Ion.
1137 3580 1233 3643 1521:

220 3685 311 3783 δεῦρ’
333 3685 402 3760 ἔλθ’
423 3693 440 3759 ι’
447 3719 462 3771 ς
483 3682 549 3768 οὖς
572 3712 634 3758 σοι
654 3684 733 3768 cotie
756 3682 871 3778 λόγους
891 3690 997 3762 εἰπεῖν
1017 3690 1101 3760 θέλω

99 3829 202 3890 quem,
235 3807 315 3873 nihil
337 3818 373 3872 ut
396 3808 521 3874 videtur
545 3807 731 3895 suspicatus,
754 3807 920 3874 Nauckius
945 3806 1069 3894 (Adesp.
1093 3808 1130 3871 fr.
1154 3807 1233 3892 363)

100 3925 234 3989 conferre
256 3923 402 3989 lectorem
427 3923 522 3989 iubet.
544 3923 733 4008 Quicunque
753 3945 825 3988 vero
846 3923 984 4000 noverit,
1004 3921 1083 4009 apud
1108 3921 1235 4008 Euripi·

101 4036 163 4103 dem
179 4038 235 4104 1.1.
251 4041 430 4126 praecedere
446 4039 529 4106 hunc
547 4061 682 4105 versum:

221 4147 266 4217 σά
287 4149 316 4218 d’
334 4145 432 4218 ἄλλα
453 4174 540 4242 προς
562 4175 598 4217 σε
617 4143 815 4235 βούλομαι
834 4141 933 4235 μόνον
953 4141 1094 4240 φράσαι,

99 4284 157 4328 non
182 4266 338 4332 dubitabit
358 4291 475 4334 mecum
492 4272 627 4332 statuere
643 4267 886 4332 Grammaticum
903 4264 986 4330 hunc
1006 4266 1107 4352 ipsum
1124 4265 1230 4329 afferre

101 4379 185 4446 Ionis
216 4383 335 4462 locum,
380 4384 432 4449 scd
468 4383 630 4448 memoriae
663 4383 750 4469 lapsu
793 4365 888 4447 unum
924 4402 1044 4445 versum
1080 4381 1189 4444 fecisse
1217 4402 1232 4443 e
