2990 5156
549 527 781 572 PRAEFATIO.
1197 525 1230 572 IX

100 689 222 754 ιᾶοθαι
242 681 349 772 μόνοιν.
371 685 463 758 Quod
482 686 562 750 enirn
586 685 641 750 ille
657 684 794 770 reposuit
814 681 926 773 ἐδέησέ
944 677 979 770 μ’
1000 686 1076 752 male
1090 688 1231 759 cohaeret

101 829 165 872 cum
178 826 354 893 praegresso
372 803 419 874 ἐςι
439 842 476 856 -
493 795 640 892 φράζων.
662 801 787 868 Certum
809 807 854 867 est
865 803 998 888 requiri:
1017 798 1157 896 φράζων
1173 799 1233 898 ὐφ’

102 912 138 988 οὗ
167 922 227 987 δελ
253 911 345 1011 μ’Η
371 913 536 1003 ἡττᾶσθαι
557 910 667 1000 μόνου.
699 919 792 992 Quod
828 943 902 1008 ergo
934 921 1019 986 eliud
1047 924 1231 990 vocabulum

102 1038 239 1104 excidere
265 1038 369 1124 potuit
402 1057 492 1120 quam
525 1027 664 1126 civdpdcl
685 1038 790 1122 quod,
821 1059 954 1124 quaeso,
975 1041 1129 1106 restituas.
1153 1041 1232 1107 Mox

102 1177 140 1220 vs.
165 1157 252 1220 1681
278 1154 387 1220 haereo
403 1153 434 1216 in
455 1150 519 1216 his:
543 1141 746 1242 Ἀριφράδης
767 1142 925 1240 πονηρός,
954 1145 1038 1220 citio?
1058 1155 1155 1222 τοῦτο
1175 1153 1234 1238 μὲν

101 1266 160 1333 καὶ
181 1259 376 1351 βούλεται.
419 1266 519 1343 Vide,
545 1269 604 1343 sis,
638 1268 798 1352 sequentia
819 1274 850 1333 et
872 1269 1002 1333 fortasse
1033 1271 1109 1336 mihi
1145 1271 1233 1336 dabis

102 1385 281 1449 seutentiam
300 1383 361 1448 loci
386 1385 490 1470 potius
514 1385 614 1448 favere
637 1385 833 1448 coniecturae
851 1406 933 1449 meae
955 1382 1103 1452 κᾶλλων
1125 1384 1232 1467 μεία.

102 1499 145 1565 Of.
156 1524 183 1566 v.
206 1523 233 1566 c.
260 1500 373 1566 Herod.
398 1501 458 1577 VI,
484 1501 524 1564 68
548 1502 565 1585 q
587 1504 615 1564 3.
642 1499 763 1564 Deinde
783 1523 871 1586 spero
884 1503 964 1579 lore,
986 1505 1021 1568 ut
1033 1503 1233 1588 reperiantur,

102 1618 150 1703 qui
172 1639 291 1682 mecum
316 1623 352 1683 ut
371 1619 508 1703 spurium
534 1617 741 1681 condemnent
774 1639 816 1681 vs.
848 1617 1023 1696 inficetum,
1056 1617 1233 1704 explicandi

102 1757 188 1800 causa
215 1733 290 1798 olim
321 1734 511 1821 adscriptum
542 1731 580 1797 ad
613 1733 761 1798 Nomou
793 1755 837 1798 vs.
863 1733 921 1798 26:
945 1725 1154 1824 ὀνειροπολεῖ
1173 1725 1234 1820 γὰρ

102 1849 149 1914 καὶ
177 1838 352 1914 καθεύδων
374 1840 518 1939 ἱππικήν,
561 1850 722 1914 Confictus
759 1853 858 1914 auteur
895 1849 1019 1916 videtur
1055 1849 1092 1913 ad
1135 1871 1235 1913 exem-

102 1967 178 2049 plum
200 1989 246 2031 vs.
271 1967 310 2028 16
336 1955 541 2053 ὀνειροπολεῖ
563 1953 601 2026 θ’
619 1959 756 2040 ἵππους.
780 1966 899 2030 Iterum
922 1965 1041 2044 dubito,
1066 1969 1237 2030 numrecle

102 2081 275 2146 Meioekius
298 2079 330 2142 in
357 2078 495 2143 ordinem
516 2079 666 2164 receperit
694 2079 866 2146 Hermanni
884 2083 1090 2148 coniecturam
1108 2103 1151 2146 vs.
1172 2081 1236 2147 179

102 2185 260 2279 θομύτιον
280 2217 335 2282 pro
358 2183 587 2276 θοιμάτιον,
610 2195 762 2279 siquidem
783 2203 850 2263 tum
875 2222 935 2263 vox
959 2199 1150 2264 deminutiva
1173 2197 1237 2263 dis·

102 2310 209 2396 plicet,
236 2315 322 2388 tum,
350 2307 431 2393 quod
455 2308 581 2394 gravius
608 2315 673 2389 est,
703 2333 765 2377 nou
797 2314 988 2402 intelligitur
1022 2315 1175 2401 quomodo
1202 2315 1234 2378 in

101 2427 248 2513 palaestra
271 2430 364 2510 θῦμα
395 2424 520 2510 reperiri
544 2427 689 2512 potuerit.
713 2429 816 2501 Quare
839 2431 943 2497 videas
972 2455 1011 2497 an
1036 2432 1140 2518 potius
1163 2430 1237 2495 Ari-

102 2541 240 2628 stophani
253 2540 440 2606 reddendum
455 2540 511 2605 sit:
524 2535 558 2604 ἐκ
569 2540 627 2628 τῆς
648 2539 835 2632 παλαλςρας
854 2537 1049 2611 θυλάκιον
1070 2536 1237 2633 ύφελλειο.

102 2659 145 2722 ef.
167 2661 222 2724 Ar.
247 2656 330 2724 Plut.
355 2656 435 2733 763,
457 2656 566 2744 fragm.
589 2655 688 2720 Arist.
712 2678 758 2742 ap.
771 2657 929 2726 Pollucem
950 2659 986 2725 X
1008 2661 1070 2725 151
1080 2707 1089 2737 ,
1120 2658 1238 2724 Herod.
1339 2745 1342 2756 Ι

102 2780 228 2844 11146.
253 2775 318 2838 Vix
345 2793 491 2857 assequor
525 2771 677 2856 quomodo
709 2794 753 2838 vs.
786 2776 851 2842 417
876 2776 971 2842 lectio
1002 2774 1063 2843 καλ
1100 2799 1238 2864 γυμνα-

103 2891 190 2959 οἰων
219 2895 367 2976 corrupta
398 2911 464 2954 esse
492 2888 628 2973 potuerit
651 2911 689 2952 ex
711 2877 981 2978 κάδηφαγίας,
1016 2914 1105 2977 quam
1140 2891 1237 2978 scrip·

101 3012 198 3074 turam
231 3006 363 3072 servavit
387 3004 532 3070 Laertius
566 3002 711 3092 vulgatae
734 3002 815 3069 haud
840 3004 933 3070 dubie
956 3007 1048 3095 longe
1067 3008 1239 3095 praeferen-

102 3123 175 3190 dam.
206 3123 278 3190 Hoc
296 3143 391 3187 unum
421 3143 528 3186 moneo
559 3124 738 3185 contextum
764 3120 941 3202 admittere,
964 3125 1047 3210 quod
1071 3124 1238 3211 perexiguo

101 3238 256 3306 literarum
286 3239 466 3304 discrimine
485 3237 591 3323 reponi
615 3237 732 3324 possit:
757 3235 848 3304 οἴνου
870 3233 898 3301 τ’
920 3228 1037 3321 ἀπέχει
1059 3236 1126 3303 καὶ
1149 3257 1239 3319 σομ-

103 3355 247 3421 ποοίων
268 3353 332 3422 καὲ.
353 3356 424 3421 Una
447 3353 537 3419 litera
561 3351 709 3417 demenda
733 3351 856 3417 videtur
883 3374 926 3417 vs.
951 3356 1033 3417 552:

202 3531 293 3606 οὗτοι
316 3535 352 3621 δ’,
376 3529 423 3613 οἷς
444 3531 535 3618 ἅπαξ
555 3535 745 3625 παρέδωκεν
765 3527 868 3625 λαβήν
887 3526 1101 3625 Ὑπέρβολος,

200 3655 341 3718 τοῦτον
362 3649 503 3718 δείλαιον
525 3638 701 3739 aotecpcic'
722 3640 775 3715 ciel
795 3648 849 3715 καλ
869 3640 927 3738 τήν
947 3648 1115 3741 μητέρα,

104 3827 201 3914 Lego:
226 3820 271 3892 ον’
292 3819 357 3893 adv
378 3865 418 3878 -
439 3821 607 3913 μητέρα·
631 3826 748 3890 Contra
783 3825 872 3891 binas
908 3825 1030 3890 additas
1068 3825 1157 3891 velim
1195 3850 1238 3891 ve.

105 3947 165 4008 518
188 3965 251 4028 sq.:
276 3938 396 4019 πλεῖςα
426 3928 487 4024 γαρ
517 3937 607 4003 θεῶν
636 3930 787 4005 dodoau
817 3931 1010 4028 ω’φελοῦοαι
1035 3931 1092 4026 τῆν
1123 3929 1237 4022 πόλιν,

105 4052 259 4141 δαιμόνων
269 4046 343 4143 ἡμῖν
352 4044 466 4138 μόναις
482 4041 522 4116 ου’
543 4041 638 4115 θύετ’
660 4049 737 4118 οὐδὲ
759 4050 924 4119 σπένδετε.
947 4054 1035 4126 Quae
1055 4054 1137 4118 enim
1154 4077 1238 4120 nuuc

105 4170 153 4234 vix
169 4171 342 4248 cohaerent,
360 4169 477 4256 optime
487 4165 652 4245 habebunt,
666 4166 719 4232 ubi
733 4169 892 4254 scripseris
905 4192 912 4234 :
925 4169 1045 4248 πλεῖςα
1066 4163 1128 4256 γάρ
1150 4171 1239 4236 θεῶν

105 4274 249 4352 ἁπάντων
271 4273 481 4372 ὠφελούσαις
509 4273 566 4369 τῆν
594 4271 691 4347 πόλιν
712 4272 873 4365 δαιμόνων
895 4277 930 4346 θ’
948 4272 1025 4370 ἡμῖν
1053 4270 1168 4364 μόναις
1199 4273 1240 4348 ού

105 4387 192 4462 θύετ’
213 4390 290 4466 οὐδὲ
310 4393 476 4464 σπένδετε.
496 4397 629 4485 Iungas:
653 4387 727 4485 ἡμῖν
746 4387 808 4485 γὰρ
832 4395 952 4476 πλεῖςα
967 4393 1058 4461 θεοῖν
1076 4382 1239 4477 δαιμόνων
