<?xml version="1.0" encoding="UTF-8"?>
<!DOCTYPE html PUBLIC "-//W3C//DTD XHTML 1.0 Transitional//EN"
    "http://www.w3.org/TR/xhtml1/DTD/xhtml1-transitional.dtd">
<html xmlns="http://www.w3.org/1999/xhtml" xml:lang="en" lang="en">
 <head>
  <title>
</title>
<meta http-equiv="Content-Type" content="text/html;charset=utf-8" />
  <meta name='ocr-system' content='tesseract 3.04.00' />
  <meta name='ocr-capabilities' content='ocr_page ocr_carea ocr_par ocr_line ocrx_word'/>
</head>
<body>
  <div class='ocr_page' id='page_1' title='image "./exercitationesc01herwgoog_0189.png"; bbox 0 0 2964 5160; ppageno 0'>
   <div class='ocr_carea' id='block_1_1' title="bbox 808 439 872 503">
    <p class='ocr_par' dir='ltr' id='par_1_1' title="bbox 808 439 872 503">
     <span class='ocr_line' id='line_1_1' title="bbox 808 439 872 503; baseline 0.016 -1"><span class='ocrx_word' id='word_1_1' title='bbox 808 439 872 503; x_wconf 82' lang='lat' dir='ltr'><strong><em>los</em></strong></span> 
     </span>
    </p>
   </div>
   <div class='ocr_carea' id='block_1_2' title="bbox 197 609 1467 2528">
    <p class='ocr_par' dir='ltr' id='par_1_2' title="bbox 260 609 1381 701">
     <span class='ocr_line' id='line_1_2' title="bbox 260 609 1381 701; baseline 0.002 -23"><span class='ocrx_word' id='word_1_2' title='bbox 260 613 343 678; x_wconf 84' lang='lat' dir='ltr'><strong>nico.</strong></span> <span class='ocrx_word' id='word_1_3' title='bbox 357 612 492 698; x_wconf 79' lang='lat' dir='ltr'><strong>suspicio</strong></span> <span class='ocrx_word' id='word_1_4' title='bbox 515 609 590 676; x_wconf 85' lang='lat' dir='ltr'><strong>haee</strong></span> <span class='ocrx_word' id='word_1_5' title='bbox 614 610 705 676; x_wconf 87' lang='lat' dir='ltr'><strong>verba</strong></span> <span class='ocrx_word' id='word_1_6' title='bbox 730 634 791 678; x_wconf 85' lang='lat' dir='ltr'><strong><em>uon</em></strong></span> <span class='ocrx_word' id='word_1_7' title='bbox 817 614 937 678; x_wconf 89' lang='lat' dir='ltr'><strong>eomioo</strong></span> <span class='ocrx_word' id='word_1_8' title='bbox 956 612 1136 680; x_wconf 85' lang='lat' dir='ltr'><strong><em>¹tribuenda</em></strong></span> <span class='ocrx_word' id='word_1_9' title='bbox 1169 635 1234 678; x_wconf 86' lang='lat' dir='ltr'><strong>esse</strong></span> <span class='ocrx_word' id='word_1_10' title='bbox 1267 619 1381 701; x_wconf 85' lang='lat' dir='ltr'><strong>poetae,</strong></span> 
     </span>
    </p>

    <p class='ocr_par' dir='ltr' id='par_1_3' title="bbox 197 705 1386 1278">
     <span class='ocr_line' id='line_1_3' title="bbox 197 705 1381 814; baseline 0.002 -21"><span class='ocrx_word' id='word_1_11' title='bbox 197 705 205 722; x_wconf 41' lang='grc' dir='ltr'>Ι</span> <span class='ocrx_word' id='word_1_12' title='bbox 260 729 314 793; x_wconf 90' lang='lat' dir='ltr'><strong><em>sed</em></strong></span> <span class='ocrx_word' id='word_1_13' title='bbox 337 728 430 792; x_wconf 86' lang='lat' dir='ltr'><strong>alicui</strong></span> <span class='ocrx_word' id='word_1_14' title='bbox 454 726 574 814; x_wconf 75' lang='lat' dir='ltr'><strong>tragico</strong></span> <span class='ocrx_word' id='word_1_15' title='bbox 592 726 800 792; x_wconf 77' lang='lat' dir='ltr'><strong>Demosthene</strong></span> <span class='ocrx_word' id='word_1_16' title='bbox 820 729 1006 814; x_wconf 81' lang='lat' dir='ltr'><strong>antiquiori,</strong></span> <span class='ocrx_word' id='word_1_17' title='bbox 1030 729 1118 794; x_wconf 90' lang='lat' dir='ltr'><strong>onius</strong></span> <span class='ocrx_word' id='word_1_18' title='bbox 1131 749 1234 793; x_wconf 87' lang='lat' dir='ltr'><strong>versus</strong></span> <span class='ocrx_word' id='word_1_19' title='bbox 1252 727 1298 794; x_wconf 91' lang='lat' dir='ltr'><strong>illi</strong></span> <span class='ocrx_word' id='word_1_20' title='bbox 1318 729 1381 795; x_wconf 91' lang='lat' dir='ltr'><strong>haeo</strong></span> 
     </span>
     <span class='ocr_line' id='line_1_4' title="bbox 260 842 1382 930; baseline -0.001 -20"><span class='ocrx_word' id='word_1_21' title='bbox 260 843 408 910; x_wconf 80' lang='lat' dir='ltr'><strong>scribenti</strong></span> <span class='ocrx_word' id='word_1_22' title='bbox 434 844 587 908; x_wconf 85' lang='lat' dir='ltr'><strong>obversati</strong></span> <span class='ocrx_word' id='word_1_23' title='bbox 608 842 682 908; x_wconf 88' lang='lat' dir='ltr'><strong>sint.</strong></span> <span class='ocrx_word' id='word_1_24' title='bbox 706 843 806 916; x_wconf 77' lang='lat' dir='ltr'><strong>Quam</strong></span> <span class='ocrx_word' id='word_1_25' title='bbox 831 844 1038 930; x_wconf 81' lang='lat' dir='ltr'><strong>suspicionem</strong></span> <span class='ocrx_word' id='word_1_26' title='bbox 1063 842 1240 908; x_wconf 85' lang='lat' dir='ltr'><strong>confirmare</strong></span> <span class='ocrx_word' id='word_1_27' title='bbox 1252 843 1382 908; x_wconf 87' lang='lat' dir='ltr'><strong>videntur</strong></span> 
     </span>
     <span class='ocr_line' id='line_1_5' title="bbox 258 949 1383 1045; baseline 0 -21"><span class='ocrx_word' id='word_1_28' title='bbox 258 961 372 1025; x_wconf 87' lang='lat' dir='ltr'><strong>formae</strong></span> <span class='ocrx_word' id='word_1_29' title='bbox 394 951 616 1045; x_wconf 82' lang='grc' dir='ltr'><strong><em>κοράσσεσθαι</em></strong></span> <span class='ocrx_word' id='word_1_30' title='bbox 636 963 667 1024; x_wconf 89' lang='lat' dir='ltr'><strong><em>et</em></strong></span> <span class='ocrx_word' id='word_1_31' title='bbox 688 949 755 1045; x_wconf 75' lang='grc' dir='ltr'><strong><em>κῆν.</em></strong></span> <span class='ocrx_word' id='word_1_32' title='bbox 779 959 843 1023; x_wconf 88' lang='lat' dir='ltr'><strong><em>Vix</em></strong></span> <span class='ocrx_word' id='word_1_33' title='bbox 870 964 969 1024; x_wconf 89' lang='lat' dir='ltr'><strong>autem</strong></span> <span class='ocrx_word' id='word_1_34' title='bbox 994 960 1031 1025; x_wconf 90' lang='lat' dir='ltr'><strong><em>de</em></strong></span> <span class='ocrx_word' id='word_1_35' title='bbox 1062 959 1122 1024; x_wconf 89' lang='lat' dir='ltr'><strong>alio</strong></span> <span class='ocrx_word' id='word_1_36' title='bbox 1150 964 1276 1024; x_wconf 86' lang='lat' dir='ltr'><strong>auctore</strong></span> <span class='ocrx_word' id='word_1_37' title='bbox 1305 981 1383 1045; x_wconf 88' lang='lat' dir='ltr'><strong>quam</strong></span> 
     </span>
     <span class='ocr_line' id='line_1_6' title="bbox 261 1073 1385 1161; baseline -0.001 -22"><span class='ocrx_word' id='word_1_38' title='bbox 261 1076 298 1139; x_wconf 83' lang='lat' dir='ltr'><strong><em>de</em></strong></span> <span class='ocrx_word' id='word_1_39' title='bbox 320 1074 471 1160; x_wconf 76' lang='lat' dir='ltr'><strong>Euripide</strong></span> <span class='ocrx_word' id='word_1_40' title='bbox 495 1074 626 1161; x_wconf 88' lang='lat' dir='ltr'><strong>eogitari</strong></span> <span class='ocrx_word' id='word_1_41' title='bbox 647 1079 757 1160; x_wconf 86' lang='lat' dir='ltr'><strong>potest.</strong></span> <span class='ocrx_word' id='word_1_42' title='bbox 789 1075 868 1140; x_wconf 85' lang='lat' dir='ltr'><strong><em>Cum</em></strong></span> <span class='ocrx_word' id='word_1_43' title='bbox 902 1073 1006 1138; x_wconf 87' lang='lat' dir='ltr'><strong>eodem</strong></span> <span class='ocrx_word' id='word_1_44' title='bbox 1042 1074 1112 1140; x_wconf 87' lang='lat' dir='ltr'><strong>loeo</strong></span> <span class='ocrx_word' id='word_1_45' title='bbox 1146 1082 1216 1161; x_wconf 89' lang='lat' dir='ltr'><strong>apte</strong></span> <span class='ocrx_word' id='word_1_46' title='bbox 1245 1073 1385 1158; x_wconf 78' lang='lat' dir='ltr'><strong>Taylorus</strong></span> 
     </span>
     <span class='ocr_line' id='line_1_7' title="bbox 260 1189 1386 1317; baseline -0.001 -63"><span class='ocrx_word' id='word_1_47' title='bbox 260 1194 436 1317; x_wconf 79' lang='grc' dir='ltr'><strong><em>ροιυρειτλ,</em></strong></span> <span class='ocrx_word' id='word_1_48' title='bbox 454 1212 532 1275; x_wconf 92' lang='lat' dir='ltr'><strong>quae</strong></span> <span class='ocrx_word' id='word_1_49' title='bbox 544 1190 691 1278; x_wconf 85' lang='lat' dir='ltr'><strong>leguntur</strong></span> <span class='ocrx_word' id='word_1_50' title='bbox 711 1213 757 1277; x_wconf 88' lang='lat' dir='ltr'><strong><em>ep.</em></strong></span> <span class='ocrx_word' id='word_1_51' title='bbox 770 1191 947 1277; x_wconf 88' lang='lat' dir='ltr'><strong>Appianum</strong></span> <span class='ocrx_word' id='word_1_52' title='bbox 971 1191 1009 1255; x_wconf 92' lang='lat' dir='ltr'><strong><em>B.</em></strong></span> <span class='ocrx_word' id='word_1_53' title='bbox 1031 1191 1100 1256; x_wconf 87' lang='lat' dir='ltr'><strong>Giv.</strong></span> <span class='ocrx_word' id='word_1_54' title='bbox 1112 1189 1167 1255; x_wconf 93' lang='lat' dir='ltr'><strong><em>III</em></strong></span> <span class='ocrx_word' id='word_1_55' title='bbox 1189 1212 1214 1255; x_wconf 87' lang='lat' dir='ltr'><strong><em>e.</em></strong></span> <span class='ocrx_word' id='word_1_56' title='bbox 1239 1191 1281 1256; x_wconf 77' lang='lat'><strong><em>23</em></strong></span> <span class='ocrx_word' id='word_1_57' title='bbox 1301 1198 1386 1255; x_wconf 81' lang='lat' dir='ltr'><strong>extr:</strong></span> 
     </span>
    </p>

    <p class='ocr_par' dir='ltr' id='par_1_4' title="bbox 258 1294 1461 1736">
     <span class='ocr_line' id='line_1_8' title="bbox 258 1294 1388 1393; baseline -0.004 -22"><span class='ocrx_word' id='word_1_58' title='bbox 258 1300 277 1371; x_wconf 86' lang='grc' dir='ltr'>ὁ</span> <span class='ocrx_word' id='word_1_59' title='bbox 300 1304 342 1369; x_wconf 76' lang='grc' dir='ltr'><strong><em>δὲ</em></strong></span> <span class='ocrx_word' id='word_1_60' title='bbox 363 1294 519 1392; x_wconf 81' lang='grc' dir='ltr'>δῆμός</span> <span class='ocrx_word' id='word_1_61' title='bbox 505 1322 599 1384; x_wconf 86' lang='grc' dir='ltr'><strong><em>εςιν,</em></strong></span> <span class='ocrx_word' id='word_1_62' title='bbox 621 1298 737 1393; x_wconf 80' lang='grc' dir='ltr'><strong><em>ὥσπερ</em></strong></span> <span class='ocrx_word' id='word_1_63' title='bbox 762 1303 818 1369; x_wconf 84' lang='grc' dir='ltr'><strong><em>καλ</em></strong></span> <span class='ocrx_word' id='word_1_64' title='bbox 846 1297 888 1368; x_wconf 82' lang='lat' dir='ltr'><strong><em>ori</em></strong></span> <span class='ocrx_word' id='word_1_65' title='bbox 917 1305 1023 1393; x_wconf 85' lang='lat' dir='ltr'><strong>(verba</strong></span> <span class='ocrx_word' id='word_1_66' title='bbox 1045 1311 1120 1370; x_wconf 89' lang='lat' dir='ltr'><strong>sunt</strong></span> <span class='ocrx_word' id='word_1_67' title='bbox 1142 1306 1189 1370; x_wconf 91' lang='lat' dir='ltr'>M</span> <span class='ocrx_word' id='word_1_68' title='bbox 1209 1305 1339 1370; x_wconf 84' lang='lat' dir='ltr'><strong>Antonii</strong></span> <span class='ocrx_word' id='word_1_69' title='bbox 1357 1303 1388 1368; x_wconf 91' lang='lat' dir='ltr'><strong><em>ad</em></strong></span> 
     </span>
     <span class='ocr_line' id='line_1_9' title="bbox 261 1406 1459 1522; baseline -0.002 -40"><span class='ocrx_word' id='word_1_70' title='bbox 261 1416 428 1482; x_wconf 82' lang='lat' dir='ltr'><strong>Octavium</strong></span> <span class='ocrx_word' id='word_1_71' title='bbox 451 1409 605 1492; x_wconf 83' lang='lat' dir='ltr'><strong>iuveneut]</strong></span> <span class='ocrx_word' id='word_1_72' title='bbox 593 1416 691 1492; x_wconf 76' lang='grc' dir='ltr'><strong><em>)τοῖν</em></strong></span> <span class='ocrx_word' id='word_1_73' title='bbox 712 1406 889 1505; x_wconf 74' lang='grc' dir='ltr'><strong><em>Ἑλληνικῶν</em></strong></span> <span class='ocrx_word' id='word_1_74' title='bbox 918 1407 1221 1507; x_wconf 59' lang='lat' dir='ltr'><strong><em>&amp;praetimerent</em></strong></span> <span class='ocrx_word' id='word_1_75' title='bbox 1253 1411 1389 1502; x_wconf 74' lang='grc' dir='ltr'><strong><em>ἔμαθες,</em></strong></span> <span class='ocrx_word' id='word_1_76' title='bbox 1457 1417 1459 1522; x_wconf 55' lang='grc' dir='ltr'><strong><em>χ</em></strong></span> 
     </span>
     <span class='ocr_line' id='line_1_10' title="bbox 258 1519 1390 1618; baseline -0.002 -23"><span class='ocrx_word' id='word_1_77' title='bbox 258 1520 468 1618; x_wconf 83' lang='grc' dir='ltr'><strong><em>άςάθμητον,</em></strong></span> <span class='ocrx_word' id='word_1_78' title='bbox 511 1523 647 1616; x_wconf 78' lang='grc' dir='ltr'><strong><em>ὥσπερ</em></strong></span> <span class='ocrx_word' id='word_1_79' title='bbox 682 1526 719 1595; x_wconf 80' lang='grc' dir='ltr'><strong><em>ἐν</em></strong></span> <span class='ocrx_word' id='word_1_80' title='bbox 756 1519 944 1617; x_wconf 76' lang='grc' dir='ltr'><strong><em>θαλάσσῃ</em></strong></span> <span class='ocrx_word' id='word_1_81' title='bbox 975 1529 1076 1612; x_wconf 77' lang='grc' dir='ltr'><strong><em>κῦμα</em></strong></span> <span class='ocrx_word' id='word_1_82' title='bbox 1104 1523 1346 1612; x_wconf 84' lang='grc' dir='ltr'><strong><em>κινούμενον,</em></strong></span> <span class='ocrx_word' id='word_1_83' title='bbox 1375 1521 1390 1593; x_wconf 83' lang='grc' dir='ltr'>ὁ</span> 
     </span>
     <span class='ocr_line' id='line_1_11' title="bbox 260 1631 1461 1760; baseline 0 -52"><span class='ocrx_word' id='word_1_84' title='bbox 260 1665 365 1730; x_wconf 82' lang='grc' dir='ltr'><strong><em>μεν</em></strong></span> <span class='ocrx_word' id='word_1_85' title='bbox 348 1631 560 1709; x_wconf 80' lang='grc' dir='ltr'><strong><em>νλθενοιλ</em></strong></span> <span class='ocrx_word' id='word_1_86' title='bbox 580 1635 772 1730; x_wconf 82' lang='grc' dir='ltr'><strong><em>άπῆλθεν.</em></strong></span> <span class='ocrx_word' id='word_1_87' title='bbox 905 1655 907 1658; x_wconf 82' lang='grc'><strong>’</strong></span> <span class='ocrx_word' id='word_1_88' title='bbox 1460 1671 1461 1760; x_wconf 69' lang='grc' dir='ltr'><strong><em>ρ</em></strong></span> 
     </span>
    </p>

    <p class='ocr_par' dir='ltr' id='par_1_5' title="bbox 260 1744 1462 1962">
     <span class='ocr_line' id='line_1_12' title="bbox 305 1744 1462 1845; baseline -0.003 -23"><span class='ocrx_word' id='word_1_89' title='bbox 305 1758 427 1831; x_wconf 78' lang='grc' dir='ltr'><strong><em>λ163ι</em></strong></span> <span class='ocrx_word' id='word_1_90' title='bbox 461 1746 531 1822; x_wconf 76' lang='lat' dir='ltr'><strong><em>ovd</em></strong></span> <span class='ocrx_word' id='word_1_91' title='bbox 551 1752 744 1841; x_wconf 84' lang='grc' dir='ltr'><strong><em>ἐποίησαν</em></strong></span> <span class='ocrx_word' id='word_1_92' title='bbox 771 1744 887 1845; x_wconf 82' lang='grc' dir='ltr'><strong><em>χρόνον</em></strong></span> <span class='ocrx_word' id='word_1_93' title='bbox 907 1746 1032 1822; x_wconf 80' lang='grc' dir='ltr'><strong><em>ουδίνα.</em></strong></span> <span class='ocrx_word' id='word_1_94' title='bbox 1054 1756 1211 1822; x_wconf 79' lang='lat' dir='ltr'><strong>Fortasse:</strong></span> <span class='ocrx_word' id='word_1_95' title='bbox 1234 1745 1340 1820; x_wconf 78' lang='grc' dir='ltr'><strong><em>οὐδ”</em></strong></span> <span class='ocrx_word' id='word_1_96' title='bbox 1323 1773 1391 1818; x_wconf 74' lang='lat' dir='ltr'><strong>aar·</strong></span> <span class='ocrx_word' id='word_1_97' title='bbox 1461 1798 1462 1830; x_wconf 63' lang='lat' dir='ltr'><strong>r</strong></span> 
     </span>
     <span class='ocr_line' id='line_1_13' title="bbox 260 1861 1125 1962; baseline -0.008 -20"><span class='ocrx_word' id='word_1_98' title='bbox 260 1872 436 1962; x_wconf 85' lang='grc' dir='ltr'><strong><em>ποίησαν</em></strong></span> <span class='ocrx_word' id='word_1_99' title='bbox 455 1865 518 1935; x_wconf 71' lang='grc' dir='ltr'><strong><em>κτλ.</em></strong></span> <span class='ocrx_word' id='word_1_100' title='bbox 540 1869 617 1934; x_wconf 82' lang='grc' dir='ltr'><strong><em>Οοᾶ.</em></strong></span> <span class='ocrx_word' id='word_1_101' title='bbox 639 1876 668 1935; x_wconf 86' lang='grc' dir='ltr'><em>Σ</em></span> <span class='ocrx_word' id='word_1_102' title='bbox 683 1889 764 1934; x_wconf 86' lang='lat' dir='ltr'><strong>man.</strong></span> <span class='ocrx_word' id='word_1_103' title='bbox 786 1891 831 1955; x_wconf 90' lang='lat' dir='ltr'><strong><em>pr.</em></strong></span> <span class='ocrx_word' id='word_1_104' title='bbox 855 1869 976 1935; x_wconf 83' lang='lat' dir='ltr'><strong>omittit</strong></span> <span class='ocrx_word' id='word_1_105' title='bbox 1000 1861 1125 1936; x_wconf 74' lang='grc' dir='ltr'><strong><em>οὐδένα.</em></strong></span> 
     </span>
    </p>

    <p class='ocr_par' dir='ltr' id='par_1_6' title="bbox 260 1964 1466 2392">
     <span class='ocr_line' id='line_1_14' title="bbox 306 1964 1464 2073; baseline -0.01 -20"><span class='ocrx_word' id='word_1_106' title='bbox 306 1990 411 2073; x_wconf 66' lang='lat' dir='ltr'><strong>alan:</strong></span> <span class='ocrx_word' id='word_1_107' title='bbox 433 1981 486 2050; x_wconf 80' lang='grc' dir='ltr'><strong><em>ἵνα</em></strong></span> <span class='ocrx_word' id='word_1_108' title='bbox 506 1982 612 2049; x_wconf 93' lang='grc' dir='ltr'><strong><em>τοίνυν</em></strong></span> <span class='ocrx_word' id='word_1_109' title='bbox 632 1972 751 2070; x_wconf 84' lang='grc' dir='ltr'><strong><em>εἰδῆθ’,</em></strong></span> <span class='ocrx_word' id='word_1_110' title='bbox 780 1975 832 2049; x_wconf 81' lang='grc' dir='ltr'><strong><em>ὅτι</em></strong></span> <span class='ocrx_word' id='word_1_111' title='bbox 852 1974 892 2049; x_wconf 80' lang='lat' dir='ltr'><strong><em>ori</em></strong></span> <span class='ocrx_word' id='word_1_112' title='bbox 911 1973 1008 2066; x_wconf 83' lang='grc' dir='ltr'><strong><em>μόνον</em></strong></span> <span class='ocrx_word' id='word_1_113' title='bbox 1026 1982 1089 2046; x_wconf 83' lang='grc' dir='ltr'><strong><em>τῶν</em></strong></span> <span class='ocrx_word' id='word_1_114' title='bbox 1109 1977 1252 2068; x_wconf 77' lang='grc' dir='ltr'><em>δημοσίᾳ</em></span> <span class='ocrx_word' id='word_1_115' title='bbox 1272 1964 1394 2043; x_wconf 77' lang='grc' dir='ltr'><strong><em>πώποτ’</em></strong></span> <span class='ocrx_word' id='word_1_116' title='bbox 1463 2052 1464 2068; x_wconf 20' lang='lat'>3</span> 
     </span>
     <span class='ocr_line' id='line_1_15' title="bbox 260 2085 1394 2190; baseline -0.017 -20"><span class='ocrx_word' id='word_1_117' title='bbox 260 2090 467 2190; x_wconf 77' lang='grc' dir='ltr'><strong><em>ἐληλυθότων</em></strong></span> <span class='ocrx_word' id='word_1_118' title='bbox 488 2088 534 2171; x_wconf 70' lang='grc' dir='ltr'><strong><em>οἷς</em></strong></span> <span class='ocrx_word' id='word_1_119' title='bbox 556 2093 724 2160; x_wconf 80' lang='grc' dir='ltr'><strong><em>Φίλιππον</em></strong></span> <span class='ocrx_word' id='word_1_120' title='bbox 751 2085 940 2183; x_wconf 72' lang='grc' dir='ltr'><strong><em>ἀνθρώπων</em></strong></span> <span class='ocrx_word' id='word_1_121' title='bbox 965 2087 1048 2159; x_wconf 75' lang='grc' dir='ltr'><strong><em>ἄλλά</em></strong></span> <span class='ocrx_word' id='word_1_122' title='bbox 1078 2093 1217 2159; x_wconf 78' lang='grc' dir='ltr'><strong><em>καὶτῶν</em></strong></span> <span class='ocrx_word' id='word_1_123' title='bbox 1237 2090 1309 2178; x_wconf 79' lang='grc' dir='ltr'><strong><em>ἰδίῳ</em></strong></span> <span class='ocrx_word' id='word_1_124' title='bbox 1337 2086 1394 2154; x_wconf 88' lang='grc' dir='ltr'><strong><em>καλ</em></strong></span> 
     </span>
     <span class='ocr_line' id='line_1_16' title="bbox 262 2196 1395 2296; baseline -0.01 -16"><span class='ocrx_word' id='word_1_125' title='bbox 262 2205 416 2280; x_wconf 85' lang='grc' dir='ltr'><strong><em>πάντων</em></strong></span> <span class='ocrx_word' id='word_1_126' title='bbox 436 2200 528 2277; x_wconf 79' lang='grc' dir='ltr'><strong><em>οὗτοι</em></strong></span> <span class='ocrx_word' id='word_1_127' title='bbox 548 2196 750 2296; x_wconf 83' lang='grc' dir='ltr'><strong><em>φαυλότατοι</em></strong></span> <span class='ocrx_word' id='word_1_128' title='bbox 759 2204 814 2272; x_wconf 82' lang='grc' dir='ltr'><strong><em>καί</em></strong></span> <span class='ocrx_word' id='word_1_129' title='bbox 823 2197 1041 2296; x_wconf 79' lang='grc' dir='ltr'><strong><em>πονηρότατοι</em></strong></span> <span class='ocrx_word' id='word_1_130' title='bbox 1056 2197 1214 2292; x_wconf 83' lang='grc' dir='ltr'><strong><em>χεχόνασι.</em></strong></span> <span class='ocrx_word' id='word_1_131' title='bbox 1235 2207 1321 2294; x_wconf 84' lang='lat' dir='ltr'><strong>Lege</strong></span> <span class='ocrx_word' id='word_1_132' title='bbox 1333 2201 1395 2288; x_wconf 74' lang='grc' dir='ltr'><strong><em>ἰδίᾳ</em></strong></span> 
     </span>
     <span class='ocr_line' id='line_1_17' title="bbox 263 2304 1466 2392; baseline -0.007 0"><span class='ocrx_word' id='word_1_133' title='bbox 263 2317 445 2392; x_wconf 74' lang='grc' dir='ltr'><strong><em>ἁπάντων</em></strong></span> <span class='ocrx_word' id='word_1_134' title='bbox 465 2313 558 2388; x_wconf 84' lang='grc' dir='ltr'><strong><em>οὗτοι</em></strong></span> <span class='ocrx_word' id='word_1_135' title='bbox 577 2315 641 2385; x_wconf 80' lang='grc' dir='ltr'><strong><em>κτὲ.</em></strong></span> <span class='ocrx_word' id='word_1_136' title='bbox 662 2321 768 2386; x_wconf 84' lang='lat' dir='ltr'><strong>Codex</strong></span> <span class='ocrx_word' id='word_1_137' title='bbox 789 2321 821 2385; x_wconf 87' lang='grc' dir='ltr'>Ω</span> <span class='ocrx_word' id='word_1_138' title='bbox 841 2321 925 2386; x_wconf 89' lang='lat' dir='ltr'><strong>solus</strong></span> <span class='ocrx_word' id='word_1_139' title='bbox 948 2316 1004 2384; x_wconf 91' lang='grc' dir='ltr'><strong><em>καί</em></strong></span> <span class='ocrx_word' id='word_1_140' title='bbox 1023 2321 1151 2386; x_wconf 78' lang='lat' dir='ltr'><strong>omittit</strong></span> <span class='ocrx_word' id='word_1_141' title='bbox 1465 2304 1466 2376; x_wconf 76' lang='lat' dir='ltr'><strong>i</strong></span> 
     </span>
    </p>

    <p class='ocr_par' dir='ltr' id='par_1_7' title="bbox 309 2425 1467 2528">
     <span class='ocr_line' id='line_1_18' title="bbox 309 2425 1467 2528; baseline -0.002 -24"><span class='ocrx_word' id='word_1_142' title='bbox 309 2448 322 2522; x_wconf 67' lang='grc' dir='ltr'><strong><em>λ</em></strong></span> <span class='ocrx_word' id='word_1_143' title='bbox 345 2441 430 2504; x_wconf 80' lang='lat'><strong>217:</strong></span> <span class='ocrx_word' id='word_1_144' title='bbox 454 2432 611 2520; x_wconf 89' lang='grc' dir='ltr'><strong><em>κρίσιν-</em></strong></span> <span class='ocrx_word' id='word_1_145' title='bbox 630 2425 791 2523; x_wconf 71' lang='grc' dir='ltr'><strong><em>προσήκει</em></strong></span> <span class='ocrx_word' id='word_1_146' title='bbox 811 2439 958 2501; x_wconf 79' lang='grc' dir='ltr'><strong><em>ποιεῖν.</em></strong></span> <span class='ocrx_word' id='word_1_147' title='bbox 979 2437 1050 2500; x_wconf 89' lang='lat' dir='ltr'><strong>Irno</strong></span> <span class='ocrx_word' id='word_1_148' title='bbox 1074 2438 1301 2528; x_wconf 77' lang='grc' dir='ltr'><strong><em>ποιεῖσθαι.</em></strong></span> <span class='ocrx_word' id='word_1_149' title='bbox 1466 2433 1467 2508; x_wconf 75' lang='grc' dir='ltr'><strong><em>λ</em></strong></span> 
     </span>
    </p>
   </div>
   <div class='ocr_carea' id='block_1_3' title="bbox 308 2547 1468 2652">
    <p class='ocr_par' dir='ltr' id='par_1_8' title="bbox 308 2547 1468 2652">
     <span class='ocr_line' id='line_1_19' title="bbox 308 2547 1468 2652; baseline 0.02 -31"><span class='ocrx_word' id='word_1_150' title='bbox 308 2556 409 2642; x_wconf 64' lang='grc' dir='ltr'><strong><em>λ’λίθ</em></strong></span> <span class='ocrx_word' id='word_1_151' title='bbox 430 2557 626 2640; x_wconf 81' lang='lat' dir='ltr'><strong>expungatur</strong></span> <span class='ocrx_word' id='word_1_152' title='bbox 650 2547 852 2634; x_wconf 60' lang='grc' dir='ltr'><strong><em>γραμμαῖὸὖ·</em></strong></span> <span class='ocrx_word' id='word_1_153' title='bbox 1107 2553 1110 2564; x_wconf 54' lang='grc'><strong>’</strong></span> <span class='ocrx_word' id='word_1_154' title='bbox 1467 2557 1468 2652; x_wconf 76' lang='grc' dir='ltr'><strong><em>ί</em></strong></span> 
     </span>
    </p>
   </div>
   <div class='ocr_carea' id='block_1_4' title="bbox 757 2756 904 2767">
    <p class='ocr_par' dir='ltr' id='par_1_9' title="bbox 757 2756 904 2767">
     <span class='ocr_line' id='line_1_20' title="bbox 757 2756 904 2767; baseline -0.014 -1"><span class='ocrx_word' id='word_1_155' title='bbox 757 2756 904 2767; x_wconf 80' lang='lat'>--———</span> 
     </span>
    </p>
   </div>
   <div class='ocr_carea' id='block_1_5' title="bbox 260 2900 1399 4121">
    <p class='ocr_par' dir='ltr' id='par_1_10' title="bbox 309 2900 655 2968">
     <span class='ocr_line' id='line_1_21' title="bbox 309 2900 655 2968; baseline -0.023 -5"><span class='ocrx_word' id='word_1_156' title='bbox 309 2900 449 2964; x_wconf 78' lang='lat' dir='ltr'><strong>Gonnus</strong></span> <span class='ocrx_word' id='word_1_157' title='bbox 476 2913 655 2968; x_wconf 77' lang='lat' dir='ltr'><strong>nnrrrunu,</strong></span> 
     </span>
    </p>

    <p class='ocr_par' dir='ltr' id='par_1_11' title="bbox 260 2993 1398 3760">
     <span class='ocr_line' id='line_1_22' title="bbox 307 2993 1396 3099; baseline -0.017 -22"><span class='ocrx_word' id='word_1_158' title='bbox 307 3017 404 3099; x_wconf 59' lang='lat'><strong><em>528:</em></strong></span> <span class='ocrx_word' id='word_1_159' title='bbox 442 2999 555 3072; x_wconf 75' lang='grc' dir='ltr'><strong><em>οὐκοῦν</em></strong></span> <span class='ocrx_word' id='word_1_160' title='bbox 585 3001 618 3070; x_wconf 79' lang='grc' dir='ltr'><strong><em>οἱ</em></strong></span> <span class='ocrx_word' id='word_1_161' title='bbox 653 3000 710 3086; x_wconf 83' lang='grc' dir='ltr'><strong><em>μὲν</em></strong></span> <span class='ocrx_word' id='word_1_162' title='bbox 738 2995 860 3068; x_wconf 77' lang='grc' dir='ltr'><strong><em>ἐλάττω</em></strong></span> <span class='ocrx_word' id='word_1_163' title='bbox 891 2998 1074 3088; x_wconf 81' lang='grc' dir='ltr'><strong><em>κεκτημένοι</em></strong></span> <span class='ocrx_word' id='word_1_164' title='bbox 1100 2999 1160 3065; x_wconf 85' lang='grc' dir='ltr'><strong><em>τοῦ</em></strong></span> <span class='ocrx_word' id='word_1_165' title='bbox 1187 2993 1396 3086; x_wconf 74' lang='grc' dir='ltr'><strong><em>τριηραρχίας</em></strong></span> 
     </span>
     <span class='ocr_line' id='line_1_23' title="bbox 261 3103 1397 3209; baseline -0.022 -14"><span class='ocrx_word' id='word_1_166' title='bbox 261 3120 337 3209; x_wconf 64' lang='lat' dir='ltr'><strong><em>Zigae</em></strong></span> <span class='ocrx_word' id='word_1_167' title='bbox 359 3121 442 3208; x_wconf 81' lang='grc' dir='ltr'><strong><em>ἔχειν</em></strong></span> <span class='ocrx_word' id='word_1_168' title='bbox 463 3121 494 3189; x_wconf 82' lang='grc' dir='ltr'><strong><em>ἐν</em></strong></span> <span class='ocrx_word' id='word_1_169' title='bbox 513 3124 586 3195; x_wconf 84' lang='grc' dir='ltr'><strong><em>ταῖς</em></strong></span> <span class='ocrx_word' id='word_1_170' title='bbox 606 3116 780 3205; x_wconf 84' lang='grc' dir='ltr'><strong><em>εἰσφοραῖς</em></strong></span> <span class='ocrx_word' id='word_1_171' title='bbox 800 3112 1007 3180; x_wconf 83' lang='grc' dir='ltr'><strong><em>συντελοῦσιν</em></strong></span> <span class='ocrx_word' id='word_1_172' title='bbox 1027 3109 1076 3187; x_wconf 81' lang='grc' dir='ltr'><strong><em>εἰς</em></strong></span> <span class='ocrx_word' id='word_1_173' title='bbox 1101 3108 1157 3178; x_wconf 79' lang='grc' dir='ltr'><strong><em>τόν</em></strong></span> <span class='ocrx_word' id='word_1_174' title='bbox 1183 3103 1342 3192; x_wconf 79' lang='grc' dir='ltr'><strong><em>πόλεμον,</em></strong></span> <span class='ocrx_word' id='word_1_175' title='bbox 1370 3103 1397 3170; x_wconf 82' lang='grc' dir='ltr'><strong><em>οἱ</em></strong></span> 
     </span>
     <span class='ocr_line' id='line_1_24' title="bbox 260 3211 1398 3326; baseline -0.024 -18"><span class='ocrx_word' id='word_1_176' title='bbox 260 3233 289 3308; x_wconf 78' lang='grc' dir='ltr'><strong><em>δ’</em></strong></span> <span class='ocrx_word' id='word_1_177' title='bbox 300 3229 521 3326; x_wconf 71' lang='grc' dir='ltr'><strong><em>ἐφικνούμενοι</em></strong></span> <span class='ocrx_word' id='word_1_178' title='bbox 530 3232 590 3298; x_wconf 84' lang='grc' dir='ltr'><strong><em>τοῦ</em></strong></span> <span class='ocrx_word' id='word_1_179' title='bbox 602 3231 810 3319; x_wconf 83' lang='grc' dir='ltr'><strong><em>τριηραρχεῖν</em></strong></span> <span class='ocrx_word' id='word_1_180' title='bbox 826 3223 875 3300; x_wconf 82' lang='grc' dir='ltr'><strong><em>εἰς</em></strong></span> <span class='ocrx_word' id='word_1_181' title='bbox 894 3216 1104 3312; x_wconf 84' lang='grc' dir='ltr'><strong><em>άμῳότερα</em></strong></span> <span class='ocrx_word' id='word_1_182' title='bbox 1123 3218 1198 3305; x_wconf 80' lang='grc' dir='ltr'><strong><em>ὑμῖν</em></strong></span> <span class='ocrx_word' id='word_1_183' title='bbox 1217 3211 1398 3308; x_wconf 76' lang='grc' dir='ltr'><strong><em>ὑπάρξουσι</em></strong></span> 
     </span>
     <span class='ocr_line' id='line_1_25' title="bbox 262 3330 1396 3441; baseline -0.021 -24"><span class='ocrx_word' id='word_1_184' title='bbox 262 3343 424 3441; x_wconf 76' lang='grc' dir='ltr'><strong><em>χρήσιμοι.</em></strong></span> <span class='ocrx_word' id='word_1_185' title='bbox 454 3347 539 3421; x_wconf 81' lang='lat' dir='ltr'><strong>Quid</strong></span> <span class='ocrx_word' id='word_1_186' title='bbox 575 3346 636 3412; x_wconf 92' lang='lat' dir='ltr'><strong>sibi</strong></span> <span class='ocrx_word' id='word_1_187' title='bbox 667 3342 743 3408; x_wconf 89' lang='lat' dir='ltr'><strong>velit</strong></span> <span class='ocrx_word' id='word_1_188' title='bbox 774 3340 859 3406; x_wconf 89' lang='lat' dir='ltr'><strong>istud</strong></span> <span class='ocrx_word' id='word_1_189' title='bbox 894 3330 1071 3428; x_wconf 74' lang='grc' dir='ltr'><strong><em>ἀμφότερα</em></strong></span> <span class='ocrx_word' id='word_1_190' title='bbox 1103 3337 1151 3402; x_wconf 89' lang='lat' dir='ltr'><strong><em>vel</em></strong></span> <span class='ocrx_word' id='word_1_191' title='bbox 1185 3334 1396 3401; x_wconf 86' lang='lat' dir='ltr'><strong>hebetissimus</strong></span> 
     </span>
     <span class='ocr_line' id='line_1_26' title="bbox 260 3451 1397 3552; baseline -0.021 -20"><span class='ocrx_word' id='word_1_192' title='bbox 260 3467 390 3552; x_wconf 89' lang='lat' dir='ltr'><strong>quisque</strong></span> <span class='ocrx_word' id='word_1_193' title='bbox 401 3466 506 3530; x_wconf 87' lang='lat' dir='ltr'><strong>statim</strong></span> <span class='ocrx_word' id='word_1_194' title='bbox 518 3461 688 3548; x_wconf 84' lang='lat' dir='ltr'><strong>iutelligit,</strong></span> <span class='ocrx_word' id='word_1_195' title='bbox 712 3480 812 3544; x_wconf 90' lang='lat' dir='ltr'><strong>neque</strong></span> <span class='ocrx_word' id='word_1_196' title='bbox 835 3456 935 3544; x_wconf 88' lang='lat' dir='ltr'><strong>igitur</strong></span> <span class='ocrx_word' id='word_1_197' title='bbox 961 3475 1038 3540; x_wconf 89' lang='lat' dir='ltr'><strong>opus</strong></span> <span class='ocrx_word' id='word_1_198' title='bbox 1061 3459 1107 3518; x_wconf 85' lang='lat' dir='ltr'><strong><em>est</em></strong></span> <span class='ocrx_word' id='word_1_199' title='bbox 1130 3451 1397 3538; x_wconf 83' lang='lat' dir='ltr'><strong>interpretamento</strong></span> 
     </span>
     <span class='ocr_line' id='line_1_27' title="bbox 261 3557 1397 3667; baseline -0.018 -21"><span class='ocrx_word' id='word_1_200' title='bbox 261 3580 328 3646; x_wconf 82' lang='grc' dir='ltr'><strong><em>καί</em></strong></span> <span class='ocrx_word' id='word_1_201' title='bbox 346 3577 605 3667; x_wconf 83' lang='grc' dir='ltr'><strong><em>τριηραρχεῖν</em></strong></span> <span class='ocrx_word' id='word_1_202' title='bbox 625 3571 692 3638; x_wconf 80' lang='grc' dir='ltr'><strong><em>καὶ</em></strong></span> <span class='ocrx_word' id='word_1_203' title='bbox 712 3567 929 3659; x_wconf 77' lang='grc' dir='ltr'><strong><em>εἰσφέρειν,</em></strong></span> <span class='ocrx_word' id='word_1_204' title='bbox 950 3569 1032 3654; x_wconf 89' lang='lat' dir='ltr'><strong>quud</strong></span> <span class='ocrx_word' id='word_1_205' title='bbox 1045 3574 1117 3655; x_wconf 85' lang='lat' dir='ltr'><strong>post</strong></span> <span class='ocrx_word' id='word_1_206' title='bbox 1138 3557 1294 3654; x_wconf 77' lang='grc' dir='ltr'><strong><em>χρήσιμοι</em></strong></span> <span class='ocrx_word' id='word_1_207' title='bbox 1314 3561 1397 3628; x_wconf 87' lang='lat' dir='ltr'><strong>addi·</strong></span> 
     </span>
     <span class='ocr_line' id='line_1_28' title="bbox 265 3687 734 3760; baseline -0.019 0"><span class='ocrx_word' id='word_1_208' title='bbox 265 3702 317 3760; x_wconf 83' lang='lat' dir='ltr'><strong><em>tur</em></strong></span> <span class='ocrx_word' id='word_1_209' title='bbox 340 3695 373 3758; x_wconf 92' lang='lat' dir='ltr'><strong><em>in</em></strong></span> <span class='ocrx_word' id='word_1_210' title='bbox 398 3692 456 3757; x_wconf 83' lang='lat' dir='ltr'><strong><em>MS</em></strong></span> <span class='ocrx_word' id='word_1_211' title='bbox 479 3695 510 3754; x_wconf 88' lang='lat' dir='ltr'><strong><em>et</em></strong></span> <span class='ocrx_word' id='word_1_212' title='bbox 534 3687 734 3753; x_wconf 86' lang='lat' dir='ltr'><strong>editionibus.</strong></span> 
     </span>
    </p>

    <p class='ocr_par' dir='ltr' id='par_1_12' title="bbox 265 3784 1399 4121">
     <span class='ocr_line' id='line_1_29' title="bbox 310 3784 1398 3888; baseline -0.02 -14"><span class='ocrx_word' id='word_1_213' title='bbox 310 3804 607 3888; x_wconf 68' lang='lat' dir='ltr'><strong>§Slsoribenduw</strong></span> <span class='ocrx_word' id='word_1_214' title='bbox 630 3795 681 3865; x_wconf 82' lang='grc' dir='ltr'><strong><em>ὅτι</em></strong></span> <span class='ocrx_word' id='word_1_215' title='bbox 701 3789 900 3883; x_wconf 88' lang='grc' dir='ltr'><strong><em>πλείςῳ</em></strong></span> <span class='ocrx_word' id='word_1_216' title='bbox 878 3788 1065 3864; x_wconf 87' lang='grc' dir='ltr'><strong><em>απάντων</em></strong></span> <span class='ocrx_word' id='word_1_217' title='bbox 1095 3784 1283 3883; x_wconf 67' lang='grc' dir='ltr'><strong><em>ἀνθρώπων</em></strong></span> <span class='ocrx_word' id='word_1_218' title='bbox 1311 3784 1398 3879; x_wconf 81' lang='grc' dir='ltr'><strong><em>ημεῖς</em></strong></span> 
     </span>
     <span class='ocr_line' id='line_1_30' title="bbox 265 3896 1399 4052; baseline -0.022 -64"><span class='ocrx_word' id='word_1_219' title='bbox 265 3917 441 4006; x_wconf 79' lang='grc' dir='ltr'><strong><em>ἐπεισάκτῳ</em></strong></span> <span class='ocrx_word' id='word_1_220' title='bbox 464 3917 545 4052; x_wconf 83' lang='grc' dir='ltr'><strong><em>σίτῳ</em></strong></span> <span class='ocrx_word' id='word_1_221' title='bbox 567 3905 739 4004; x_wconf 77' lang='grc' dir='ltr'><strong><em>χρώμεθα</em></strong></span> <span class='ocrx_word' id='word_1_222' title='bbox 763 3913 885 4001; x_wconf 84' lang='lat' dir='ltr'><strong>Vulgo.</strong></span> <span class='ocrx_word' id='word_1_223' title='bbox 911 3905 962 3976; x_wconf 83' lang='grc' dir='ltr'><strong><em>ὅτι</em></strong></span> <span class='ocrx_word' id='word_1_224' title='bbox 980 3908 1131 4036; x_wconf 84' lang='grc' dir='ltr'><strong><em>πλείςῳ</em></strong></span> <span class='ocrx_word' id='word_1_225' title='bbox 1152 3908 1227 3972; x_wconf 81' lang='grc' dir='ltr'><strong><em>τῶν</em></strong></span> <span class='ocrx_word' id='word_1_226' title='bbox 1246 3896 1399 3970; x_wconf 87' lang='grc' dir='ltr'><strong><em>πάντων</em></strong></span> 
     </span>
     <span class='ocr_line' id='line_1_31' title="bbox 266 4005 1399 4121; baseline -0.027 -17"><span class='ocrx_word' id='word_1_227' title='bbox 266 4023 453 4121; x_wconf 71' lang='grc' dir='ltr'><strong><em>ἀνθρώπων</em></strong></span> <span class='ocrx_word' id='word_1_228' title='bbox 476 4028 538 4096; x_wconf 68' lang='lat' dir='ltr'><strong>nai.</strong></span> <span class='ocrx_word' id='word_1_229' title='bbox 560 4031 606 4096; x_wconf 84' lang='lat' dir='ltr'><strong><em>Cf.</em></strong></span> <span class='ocrx_word' id='word_1_230' title='bbox 632 4028 669 4093; x_wconf 89' lang='lat' dir='ltr'><strong><em>de</em></strong></span> <span class='ocrx_word' id='word_1_231' title='bbox 692 4030 804 4095; x_wconf 85' lang='lat' dir='ltr'><strong>Geron.</strong></span> <span class='ocrx_word' id='word_1_232' title='bbox 827 4031 923 4106; x_wconf 71' lang='lat'><strong><em>§872</em></strong></span> <span class='ocrx_word' id='word_1_233' title='bbox 947 4013 1114 4111; x_wconf 69' lang='lat' dir='ltr'><strong>dpuva‘</strong></span> <span class='ocrx_word' id='word_1_234' title='bbox 1102 4013 1153 4086; x_wconf 82' lang='grc' dir='ltr'><strong><em>ότι</em></strong></span> <span class='ocrx_word' id='word_1_235' title='bbox 1174 4018 1254 4102; x_wconf 87' lang='grc' dir='ltr'><strong><em>σίτῳ</em></strong></span> <span class='ocrx_word' id='word_1_236' title='bbox 1276 4005 1399 4081; x_wconf 88' lang='grc' dir='ltr'><strong><em>πάντων</em></strong></span> 
     </span>
    </p>
   </div>
   <div class='ocr_carea' id='block_1_6' title="bbox 266 4124 1397 4232">
    <p class='ocr_par' dir='ltr' id='par_1_13' title="bbox 266 4124 1397 4232">
     <span class='ocr_line' id='line_1_32' title="bbox 266 4124 1397 4232; baseline -0.017 -24"><span class='ocrx_word' id='word_1_237' title='bbox 266 4135 451 4227; x_wconf 72' lang='grc' dir='ltr'><strong><em>ἀνθρώπων</em></strong></span> <span class='ocrx_word' id='word_1_238' title='bbox 477 4143 600 4230; x_wconf 88' lang='grc' dir='ltr'><strong><em>πλείςῳ</em></strong></span> <span class='ocrx_word' id='word_1_239' title='bbox 633 4125 783 4232; x_wconf 75' lang='grc' dir='ltr'><strong><em>χραίμεθ</em></strong></span> <span class='ocrx_word' id='word_1_240' title='bbox 812 4130 1004 4222; x_wconf 78' lang='grc' dir='ltr'><strong><em>ἐπεισάκτῳ.</em></strong></span> <span class='ocrx_word' id='word_1_241' title='bbox 1038 4139 1077 4201; x_wconf 91' lang='lat' dir='ltr'><strong><em>In</em></strong></span> <span class='ocrx_word' id='word_1_242' title='bbox 1106 4131 1291 4220; x_wconf 87' lang='lat' dir='ltr'><strong>quibusdam</strong></span> <span class='ocrx_word' id='word_1_243' title='bbox 1314 4124 1397 4193; x_wconf 75' lang='lat' dir='ltr'><strong>codd.</strong></span> 
     </span>
    </p>
   </div>
   <div class='ocr_carea' id='block_1_7' title="bbox 267 4248 1396 4458">
    <p class='ocr_par' dir='ltr' id='par_1_14' title="bbox 267 4248 1396 4458">
     <span class='ocr_line' id='line_1_33' title="bbox 267 4248 671 4326; baseline -0.005 -2"><span class='ocrx_word' id='word_1_244' title='bbox 267 4248 418 4324; x_wconf 79' lang='grc' dir='ltr'><strong><em>ἁπάντων</em></strong></span> <span class='ocrx_word' id='word_1_245' title='bbox 439 4266 592 4326; x_wconf 88' lang='lat' dir='ltr'><strong>servatum</strong></span> <span class='ocrx_word' id='word_1_246' title='bbox 616 4264 671 4323; x_wconf 86' lang='lat' dir='ltr'><strong>est.</strong></span> 
     </span>
     <span class='ocr_line' id='line_1_34' title="bbox 311 4350 1396 4458; baseline -0.015 -21"><span class='ocrx_word' id='word_1_247' title='bbox 311 4374 423 4452; x_wconf 67' lang='lat'>§1412</span> <span class='ocrx_word' id='word_1_248' title='bbox 441 4375 572 4458; x_wconf 77' lang='grc' dir='ltr'><strong><em>πρῶτον</em></strong></span> <span class='ocrx_word' id='word_1_249' title='bbox 590 4367 756 4455; x_wconf 80' lang='grc' dir='ltr'><strong><em>μίνπόνοι</em></strong></span> <span class='ocrx_word' id='word_1_250' title='bbox 776 4369 840 4436; x_wconf 78' lang='grc' dir='ltr'><strong><em>τῶν</em></strong></span> <span class='ocrx_word' id='word_1_251' title='bbox 859 4355 1010 4433; x_wconf 75' lang='grc' dir='ltr'><strong><em>ἁπάντων</em></strong></span> <span class='ocrx_word' id='word_1_252' title='bbox 1030 4350 1215 4450; x_wconf 73' lang='grc' dir='ltr'><strong><em>ἀνθρώπων</em></strong></span> <span class='ocrx_word' id='word_1_253' title='bbox 1236 4353 1302 4420; x_wconf 71' lang='grc' dir='ltr'><strong><em>ἐπὶ</em></strong></span> <span class='ocrx_word' id='word_1_254' title='bbox 1322 4353 1396 4421; x_wconf 71' lang='grc' dir='ltr'><strong><em>τοῖς</em></strong></span> 
     </span>
    </p>
   </div>
   <div class='ocr_carea' id='block_1_8' title="bbox 0 0 1495 5156">
    <p class='ocr_par' dir='ltr' id='par_1_15' title="bbox 0 0 1495 5156">
     <span class='ocr_line' id='line_1_35' title="bbox 0 0 1495 5156; baseline 0 0"><span class='ocrx_word' id='word_1_255' title='bbox 0 0 1495 5156; x_wconf 95' lang='lat' dir='ltr'><strong><em> </em></strong></span> 
     </span>
    </p>
   </div>
  </div>
 </body>
</html>
