2964 5160
611 473 672 536 179

76 650 277 736 τιμωρεῖσθε
294 645 374 730 κτλ,
389 669 466 732 quae
483 649 662 713 coniectura
678 647 715 711 ad
739 648 922 733 scripturam
935 645 1098 710 codicibus
1110 643 1207 710 tradi-

76 767 137 824 tam
150 761 242 846 paulo
253 763 381 849 propius
391 763 519 829 aceedit.
533 764 550 848 t
568 769 646 828 195:
666 754 735 829 οὐδ’
749 753 858 846 ὀλιχοῦ
877 761 941 826 δεῖ
959 763 1073 826 τοῦτον
1085 753 1209 846 ἔθηκας

75 869 131 941 τόν
149 866 264 959 νόμον·
285 867 441 958 οὐδεμίαν
461 870 524 964 γάρ
544 869 583 942 <tv
603 873 708 940 εἰπεῖν
730 869 817 958 ἔχοις
838 863 936 960 trip
958 862 1144 959 πρόφασιν,
1168 859 1212 935 δι’

74 980 111 1076 ην
133 988 278 1055 τοιοῦτον
298 979 449 1076 ἐπήρθης
475 985 661 1073 εἰσενεγκεῖν
692 981 808 1068 νόμον,
835 977 856 1074 ἢ
876 977 933 1072 τήν
953 983 1094 1049 σεαυτοῦ
1115 985 1210 1056 θεοῖς

75 1093 201 1188 ἐχθράν
220 1097 559 1188 αἰσχροκέρδειαν.
581 1101 696 1180 Aliud,
716 1101 817 1178 oredo,
842 1100 973 1186 agebant
995 1097 1155 1162 Bekkerus
1177 1098 1208 1160 et

1 1197 31 1276 s
77 1215 277 1291 Diodorum,
310 1237 404 1298 quum
429 1212 509 1280 bane
532 1217 696 1288 lectionem
713 1223 816 1302 aperte
838 1216 980 1281 vitiosam
1001 1213 1053 1278 alii
1077 1211 1208 1300 praefer·
1265 1202 1267 1206 ⁴

75 1337 154 1411 rent,
175 1353 265 1417 quarn
291 1330 453 1398 manifesto
475 1331 625 1399 sinceram
647 1331 795 1398 exhibent
819 1331 909 1397 codd.
934 1330 1058 1406 ΥΩἰιτε,
1089 1327 1208 1414 qualem

77 1447 125 1514 rel
148 1447 215 1512 sine
238 1447 327 1512 eodd.
343 1447 557 1531 unusquisque
580 1447 782 1514 Demostheni
800 1448 990 1512 reddendum
1011 1468 1077 1510 ease
1095 1445 1211 1509 sentiat

78 1570 278 1660 censeatque:
302 1551 371 1628 οὐδ’
392 1556 501 1644 ὀλίγον
522 1557 567 1647 δὴ
587 1559 650 1628 avt.
673 1565 693 1628 i.
716 1587 741 1627 e.
765 1588 820 1630 neo
828 1587 925 1649 μονον
937 1586 1101 1649 remquam
1110 1561 1209 1645 pretio

82 1684 172 1765 λιριυι
194 1678 299 1744 turbu·
319 1684 376 1740 oet.
399 1677 411 1752 l
435 1679 515 1738 196:
540 1667 616 1740 οὔτε
638 1668 701 1764 γάρ
732 1671 776 1744 νδ
808 1671 855 1743 τά
884 1669 1032 1745 τούτων
1061 1676 1213 1759 πολλοςῷ

84 1784 183 1880 χρόνῳ
205 1785 299 1874 μόλις
321 1779 455 1862 άκοντας
475 1785 508 1852 ἐν
527 1785 633 1875 τρισίν
654 1785 904 1876 ἐξελεγχθέντας
932 1787 1132 1878 δικαςηρίοις
1155 1813 1211 1854 κα-

82 1902 260 1982 τατιθέναι,
283 1892 379 1968 τοῦθ’
393 1889 502 1988 ἡγήσω
518 1892 557 1966 uri
575 1901 664 1966 δεῖνα
686 1893 825 1986 πάσχειν
848 1893 937 1970 εἶναι.
953 1905 1027 1968 Non
1041 1905 1108 1967 siue
1120 1925 1211 1968 causa

81 2022 164 2106 prius
186 2005 224 2083 τό
248 2017 399 2086 omittunt
422 2013 558 2084 Eerrav.
579 2015 660 2080 Nam
684 2019 868 2102 requiritur:
882 2010 957 2084 ούτε
978 2010 1039 2105 γάρ
1062 2010 1106 2082 τδ
1126 2007 1211 2082 τού-

80 2157 173 2208 τους
202 2130 356 2215 πολλοςῷ
382 2125 443 2194 κτὲ.
466 2128 625 2217 Imperium
649 2131 697 2196 bis
722 2134 924 2199 Timocrateis
955 2129 1010 2197 τόν
1039 2130 1213 2217 κολοφῶνα

82 2246 261 2335 eorrigenrla
281 2247 293 2321 t
311 2248 391 2324 198,
407 2246 459 2310 ubi
485 2244 639 2333 legimue=
662 2247 776 2332 πολλῷ
795 2242 855 2336 γάρ
877 2240 985 2336 δήπου
1008 2232 1214 2328 σχετλιώτερ’

80 2349 240 2444 ἐπάσχεθ’
261 2351 372 2443 ύμεῑς,
396 2357 449 2424 καί
469 2353 555 2426 πολι)
574 2360 696 2442 μάλλον
716 2353 755 2424 δίν
777 2357 908 2435 εἰκάτως
935 2341 1042 2444 utare
1063 2351 1213 2435 τούτους,

82 2467 115 2541 δί
135 2464 177 2538 δι’
196 2465 282 2554 ὑμᾶς
302 2459 328 2536 ui
350 2461 512 2557 κατάρατε
532 2464 610 2548 τούς
632 2477 880 2547 ΛΕΓΟΝΤΛΣ
894 2463 962 2536 οὐδ’
975 2465 1082 2536 ὀτιοίν
1101 2463 1214 2555 alepi-

83 2606 191 2676 ροντες
221 2575 389 2650 παύονται.
419 2584 505 2657 Quid
537 2583 612 2650 haee
644 2585 703 2650 sibi
736 2584 853 2663 velint,
884 2575 954 2650 οὐδ’
985 2577 1024 2650 ι’ἰν
1054 2581 1215 2657 Οἰδίπους

82 2689 207 2784 prolatum
231 2704 339 2764 contra
364 2721 454 2764 nemo
480 2721 542 2764 non
564 2701 656 2776 facile
678 2700 834 2787 intelliget
857 2699 1022 2764 eorundem
1047 2696 1213 2762 vocabulo-

83 2835 148 2879 rum
167 2835 298 2890 sensum,
315 2813 426 2879 leniter
445 2798 620 2881 relictorum
641 2819 673 2881 in
695 2815 779 2882 hune
795 2816 933 2880 modurn:
947 2855 986 2864 —
1006 2807 1041 2879 οἳ
1061 2805 1104 2878 δι’
1118 2803 1215 2893 δμᾶς,

84 2915 111 2990 οἶ
136 2922 315 3014 κατάρατε,
345 2920 423 3003 τούς
457 2935 730 2997 ΤΕΛΟΥΝΤΑΣ
755 2921 822 2996 οὐδ
852 2921 975 3008 ὁτιοῦν,
1006 2921 1216 3014 εἰσφέροντες

83 3029 285 3104 παύονται.
308 3041 440 3128 Egregie
467 3043 548 3108 enim
570 3043 650 3108 inter
666 3067 699 3109 se
726 3052 926 3131 opponuntur
946 3043 986 3120 ii,
1011 3041 1062 3126 qui
1088 3062 1127 3104 ue
1145 3045 1215 3103 tarr-

82 3153 184 3218 tillum
201 3155 323 3240 quidem
336 3156 477 3250 uoluunt,
489 3157 563 3236 illis,
582 3159 635 3245 qui
648 3182 704 3245 pro
728 3164 814 3246 parte
833 3159 917 3224 virili
933 3157 1074 3244 pendunt
1089 3155 1216 3219 tributa.

83 3268 204 3335 Dubito
216 3277 332 3349 tamen,
351 3295 423 3337 num
437 3271 485 3338 vel
508 3263 703 3341 παύονται
727 3275 827 3339 mendi
842 3275 884 3341 sit
906 3276 1050 3338 immune.
1071 3271 1215 3360 Cogitavi

87 3385 121 3450 de
143 3387 316 3470 reponendo
337 3377 592 3453 άπδλλυνται.

128 3502 168 3565 In
197 3505 353 3586 Αμίοδκκι
383 3503 401 3566 Ι
432 3514 444 3588 p
472 3503 528 3564 16:
564 3492 621 3588 τήν
649 3504 771 3586 προῖκα
798 3493 872 3586 [τάς
899 3491 1095 3588 ὀγδοήκοντα
1122 3495 1217 3580 μνᾶς]

81 3613 312 3696 κεκομισμένος
331 3614 393 3680 nrt.
412 3616 466 3690 etl
481 3616 520 3678 13
542 3617 638 3678 extr:
662 3610 724 3688 ἕως
744 3602 998 3704 ᾇνεπληριύσατο
1020 3608 1077 3702 τήν
1097 3617 1219 3701 προῖκα

83 3718 157 3812 [τάς
174 3717 368 3814 ὀγδοήκοντα
394 3729 498 3815 μνᾶς]
523 3727 617 3794 Hane
641 3729 725 3794 dotis
752 3751 900 3794 summam
925 3731 1019 3795 fuisse
1045 3731 1105 3794 iam
1130 3729 1219 3792 novi·

84 3861 152 3903 mua
174 3863 211 3904 ex
230 3846 242 3920 t
262 3848 290 3906 5.
308 3841 409 3908 Miror
429 3843 508 3910 idem
533 3845 778 3921 additamentum
803 3867 864 3910 non
890 3846 1063 3932 appareret
1088 3846 1128 3907 17
1149 3849 1220 3929 post

82 3954 175 4019 verba
204 3948 261 4042 τήν
279 3953 337 4036 μὲν
362 3953 470 4021 τοίνυν
500 3963 642 4045 προῖκα,
665 3982 723 4024 neo
744 3959 858 4024 ibidem
882 3966 952 4044 post
976 3958 1066 4024 verba
1097 3948 1221 4023 κελεύει

81 4060 140 4155 τῆν
160 4069 289 4153 προῖκα.
310 4068 425 4133 Contra
446 4070 545 4134 denuo
569 4072 722 4154 adieetum
741 4079 872 4162 reperies
892 4076 904 4150 l
929 4081 989 4153 56,
1014 4075 1095 4140 unde
1118 4073 1221 4160 expel-

82 4180 139 4246 las.
160 4183 256 4246 Recte
277 4191 307 4246 et
331 4183 403 4248 alibi
429 4185 513 4250 abeat
535 4195 566 4250 et
589 4188 658 4274 Ht
689 4195 740 4256 ll.
765 4200 777 4273 t
802 4195 857 4256 26:
888 4192 992 4260 καίτοι
1013 4193 1045 4257 εἰ
1061 4216 1092 4258 τι
1113 4187 1222 4276 ἔλεγον

82 4285 191 4380 ύχιές,
214 4287 271 4361 οὐκ
298 4290 337 4361 δν
364 4294 427 4362 uri.
454 4299 574 4364 Ibidem
600 4293 678 4391 ἰίρδ
685 4329 727 4391 ην
745 4299 848 4393 [ὅλον]
870 4297 908 4370 τδ
926 4296 1113 4394 ἰρχαςὴριον
1133 4300 1221 4396 ripa.

81 4408 246 4489 νίζουοιν,
267 4423 297 4474 et
321 4410 333 4482 l
357 4417 397 4476 33
422 4418 514 4478 extr:
537 4408 619 4479 άλλιί
644 4415 697 4481 καί
716 4420 827 4482 τοῦτον
858 4407 978 4507 άρδην
1008 4417 1222 4509 α’φανίζουσιν
