<?xml version="1.0" encoding="UTF-8"?>
<!DOCTYPE html PUBLIC "-//W3C//DTD XHTML 1.0 Transitional//EN"
    "http://www.w3.org/TR/xhtml1/DTD/xhtml1-transitional.dtd">
<html xmlns="http://www.w3.org/1999/xhtml" xml:lang="en" lang="en">
 <head>
  <title>
</title>
<meta http-equiv="Content-Type" content="text/html;charset=utf-8" />
  <meta name='ocr-system' content='tesseract 3.04.00' />
  <meta name='ocr-capabilities' content='ocr_page ocr_carea ocr_par ocr_line ocrx_word'/>
</head>
<body>
  <div class='ocr_page' id='page_1' title='image "./exercitationesc01herwgoog_0065.png"; bbox 0 0 2990 5156; ppageno 0'>
   <div class='ocr_carea' id='block_1_1' title="bbox 819 455 861 518">
    <p class='ocr_par' dir='ltr' id='par_1_1' title="bbox 819 455 861 518">
     <span class='ocr_line' id='line_1_1' title="bbox 819 455 861 518; baseline -0.024 0"><span class='ocrx_word' id='word_1_1' title='bbox 819 455 861 518; x_wconf 81' lang='lat'>44</span> 
     </span>
    </p>
   </div>
   <div class='ocr_carea' id='block_1_2' title="bbox 277 613 1410 1280">
    <p class='ocr_par' dir='ltr' id='par_1_2' title="bbox 277 613 1410 1280">
     <span class='ocr_line' id='line_1_2' title="bbox 277 613 1406 716; baseline 0.005 -34"><span class='ocrx_word' id='word_1_2' title='bbox 277 617 387 686; x_wconf 80' lang='grc' dir='ltr'><strong><em>κακίαν</em></strong></span> <span class='ocrx_word' id='word_1_3' title='bbox 407 613 551 710; x_wconf 76' lang='grc' dir='ltr'><strong><em>ἔμφυτον</em></strong></span> <span class='ocrx_word' id='word_1_4' title='bbox 572 613 666 704; x_wconf 79' lang='grc' dir='ltr'><strong><em>εἶναι,</em></strong></span> <span class='ocrx_word' id='word_1_5' title='bbox 688 647 744 712; x_wconf 89' lang='lat' dir='ltr'>pro</span> <span class='ocrx_word' id='word_1_6' title='bbox 767 622 804 690; x_wconf 83' lang='grc' dir='ltr'>δὲ</span> <span class='ocrx_word' id='word_1_7' title='bbox 826 627 931 693; x_wconf 90' lang='lat' dir='ltr'>malim</span> <span class='ocrx_word' id='word_1_8' title='bbox 954 617 1030 716; x_wconf 75' lang='grc' dir='ltr'><strong><em>γάρ,</em></strong></span> <span class='ocrx_word' id='word_1_9' title='bbox 1052 628 1237 714; x_wconf 85' lang='lat' dir='ltr'>quapropter</span> <span class='ocrx_word' id='word_1_10' title='bbox 1261 625 1347 704; x_wconf 89' lang='lat' dir='ltr'>vide,</span> <span class='ocrx_word' id='word_1_11' title='bbox 1371 645 1406 688; x_wconf 92' lang='lat' dir='ltr'>an</span> 
     </span>
     <span class='ocr_line' id='line_1_3' title="bbox 278 733 586 821; baseline 0.013 -23"><span class='ocrx_word' id='word_1_12' title='bbox 278 733 411 800; x_wconf 84' lang='lat' dir='ltr'>scribere</span> <span class='ocrx_word' id='word_1_13' title='bbox 432 741 586 821; x_wconf 84' lang='lat' dir='ltr'>praestet:</span> 
     </span>
     <span class='ocr_line' id='line_1_4' title="bbox 432 842 1220 944; baseline 0.006 -29"><span class='ocrx_word' id='word_1_14' title='bbox 432 843 503 928; x_wconf 88' lang='grc' dir='ltr'><strong><em>ὅςις</em></strong></span> <span class='ocrx_word' id='word_1_15' title='bbox 522 843 594 940; x_wconf 73' lang='grc' dir='ltr'><strong><em>γαρ</em></strong></span> <span class='ocrx_word' id='word_1_16' title='bbox 616 842 748 940; x_wconf 78' lang='grc' dir='ltr'><strong><em>ὀλίγον</em></strong></span> <span class='ocrx_word' id='word_1_17' title='bbox 768 847 893 939; x_wconf 74' lang='grc' dir='ltr'><strong><em>μιοθόν</em></strong></span> <span class='ocrx_word' id='word_1_18' title='bbox 912 854 961 932; x_wconf 85' lang='grc' dir='ltr'>εἷς</span> <span class='ocrx_word' id='word_1_19' title='bbox 980 857 1092 944; x_wconf 77' lang='grc' dir='ltr'><strong><em>χεῖρας</em></strong></span> <span class='ocrx_word' id='word_1_20' title='bbox 1112 843 1220 937; x_wconf 75' lang='grc' dir='ltr'><strong><em>λαβών</em></strong></span> 
     </span>
     <span class='ocr_line' id='line_1_5' title="bbox 432 955 757 1052; baseline 0.028 -27"><span class='ocrx_word' id='word_1_21' title='bbox 432 955 530 1037; x_wconf 77' lang='grc' dir='ltr'><strong><em>κακός</em></strong></span> <span class='ocrx_word' id='word_1_22' title='bbox 546 960 672 1052; x_wconf 74' lang='grc' dir='ltr'><strong><em>γένηται</em></strong></span> <span class='ocrx_word' id='word_1_23' title='bbox 691 964 757 1034; x_wconf 70' lang='lat' dir='ltr'>me.</span> 
     </span>
     <span class='ocr_line' id='line_1_6' title="bbox 323 1068 1410 1166; baseline 0.006 -28"><span class='ocrx_word' id='word_1_24' title='bbox 323 1071 422 1140; x_wconf 78' lang='lat' dir='ltr'>Versu</span> <span class='ocrx_word' id='word_1_25' title='bbox 456 1074 567 1160; x_wconf 84' lang='lat' dir='ltr'>quinto</span> <span class='ocrx_word' id='word_1_26' title='bbox 600 1077 761 1166; x_wconf 84' lang='lat' dir='ltr'>legebatur</span> <span class='ocrx_word' id='word_1_27' title='bbox 792 1071 849 1144; x_wconf 78' lang='grc' dir='ltr'>τὸν</span> <span class='ocrx_word' id='word_1_28' title='bbox 874 1080 937 1146; x_wconf 80' lang='grc' dir='ltr'>τῶν</span> <span class='ocrx_word' id='word_1_29' title='bbox 968 1068 1287 1166; x_wconf 71' lang='grc' dir='ltr'><strong><em>λέγοντων-ψόρον,</em></strong></span> <span class='ocrx_word' id='word_1_30' title='bbox 1319 1099 1410 1163; x_wconf 87' lang='lat' dir='ltr'>quam</span> 
     </span>
     <span class='ocr_line' id='line_1_7' title="bbox 278 1191 950 1280; baseline 0.003 -24"><span class='ocrx_word' id='word_1_31' title='bbox 278 1191 441 1258; x_wconf 80' lang='lat' dir='ltr'>lectionem</span> <span class='ocrx_word' id='word_1_32' title='bbox 466 1192 585 1257; x_wconf 75' lang='lat' dir='ltr'>correxi</span> <span class='ocrx_word' id='word_1_33' title='bbox 608 1200 774 1280; x_wconf 87' lang='lat' dir='ltr'>praeeunte</span> <span class='ocrx_word' id='word_1_34' title='bbox 792 1194 950 1261; x_wconf 81' lang='lat' dir='ltr'>Jacobsio.</span> 
     </span>
    </p>
   </div>
   <div class='ocr_carea' id='block_1_3' title="bbox 277 1539 1479 4262">
    <p class='ocr_par' dir='ltr' id='par_1_3' title="bbox 277 1539 1478 1860">
     <span class='ocr_line' id='line_1_8' title="bbox 322 1539 1410 1626; baseline 0.003 -23"><span class='ocrx_word' id='word_1_35' title='bbox 322 1539 427 1604; x_wconf 90' lang='lat' dir='ltr'>Nimis</span> <span class='ocrx_word' id='word_1_36' title='bbox 449 1541 600 1626; x_wconf 79' lang='lat' dir='ltr'>patienter</span> <span class='ocrx_word' id='word_1_37' title='bbox 624 1540 764 1607; x_wconf 88' lang='lat' dir='ltr'>tulerunt</span> <span class='ocrx_word' id='word_1_38' title='bbox 796 1540 930 1606; x_wconf 78' lang='lat' dir='ltr'>editores</span> <span class='ocrx_word' id='word_1_39' title='bbox 956 1563 1077 1607; x_wconf 86' lang='lat' dir='ltr'>versum</span> <span class='ocrx_word' id='word_1_40' title='bbox 1114 1543 1280 1608; x_wconf 86' lang='lat' dir='ltr'>manifesto</span> <span class='ocrx_word' id='word_1_41' title='bbox 1314 1542 1410 1607; x_wconf 87' lang='lat' dir='ltr'>inter-</span> 
     </span>
     <span class='ocr_line' id='line_1_9' title="bbox 277 1654 1410 1745; baseline 0.002 -26"><span class='ocrx_word' id='word_1_42' title='bbox 277 1654 414 1742; x_wconf 81' lang='lat' dir='ltr'>potatum</span> <span class='ocrx_word' id='word_1_43' title='bbox 424 1657 457 1722; x_wconf 91' lang='lat' dir='ltr'>in</span> <span class='ocrx_word' id='word_1_44' title='bbox 469 1658 643 1745; x_wconf 81' lang='lat' dir='ltr'>fragmento</span> <span class='ocrx_word' id='word_1_45' title='bbox 665 1657 853 1744; x_wconf 81' lang='lat' dir='ltr'>Euripiden,</span> <span class='ocrx_word' id='word_1_46' title='bbox 876 1658 942 1722; x_wconf 78' lang='lat' dir='ltr'>siae</span> <span class='ocrx_word' id='word_1_47' title='bbox 964 1680 980 1721; x_wconf 87' lang='lat' dir='ltr'><em>e</em></span> <span class='ocrx_word' id='word_1_48' title='bbox 1006 1658 1248 1743; x_wconf 70' lang='lat' dir='ltr'><em>Bellerophonte</em></span> <span class='ocrx_word' id='word_1_49' title='bbox 1275 1663 1410 1722; x_wconf 82' lang='lat' dir='ltr'>sumtum</span> 
     </span>
     <span class='ocr_line' id='line_1_10' title="bbox 279 1753 1478 1860; baseline 0.003 -25"><span class='ocrx_word' id='word_1_50' title='bbox 279 1771 338 1848; x_wconf 87' lang='lat' dir='ltr'>sit,</span> <span class='ocrx_word' id='word_1_51' title='bbox 360 1772 426 1838; x_wconf 87' lang='lat' dir='ltr'>sive</span> <span class='ocrx_word' id='word_1_52' title='bbox 448 1794 465 1837; x_wconf 87' lang='lat' dir='ltr'>e</span> <span class='ocrx_word' id='word_1_53' title='bbox 485 1772 615 1850; x_wconf 75' lang='lat' dir='ltr'>Danae,</span> <span class='ocrx_word' id='word_1_54' title='bbox 639 1773 720 1860; x_wconf 88' lang='lat' dir='ltr'>apud</span> <span class='ocrx_word' id='word_1_55' title='bbox 743 1772 831 1839; x_wconf 75' lang='lat' dir='ltr'>stab.</span> <span class='ocrx_word' id='word_1_56' title='bbox 854 1772 937 1839; x_wconf 75' lang='lat' dir='ltr'>Flor.</span> <span class='ocrx_word' id='word_1_57' title='bbox 956 1773 1051 1852; x_wconf 83' lang='lat' dir='ltr'>XCI,</span> <span class='ocrx_word' id='word_1_58' title='bbox 1076 1778 1114 1840; x_wconf 82' lang='lat'>4:</span> <span class='ocrx_word' id='word_1_59' title='bbox 1477 1753 1478 1764; x_wconf 29' lang='lat' dir='ltr'>i</span> 
     </span>
    </p>

    <p class='ocr_par' dir='ltr' id='par_1_4' title="bbox 470 1872 1142 1975">
     <span class='ocr_line' id='line_1_11' title="bbox 470 1872 1142 1975; baseline 0.001 -24"><span class='ocrx_word' id='word_1_60' title='bbox 470 1872 508 1952; x_wconf 73' lang='grc' dir='ltr'><em>Ὠ</em></span> <span class='ocrx_word' id='word_1_61' title='bbox 527 1883 649 1974; x_wconf 80' lang='grc' dir='ltr'><em>χρυσέ,</em></span> <span class='ocrx_word' id='word_1_62' title='bbox 669 1883 814 1970; x_wconf 78' lang='grc' dir='ltr'><strong><em>δεξίωμα</em></strong></span> <span class='ocrx_word' id='word_1_63' title='bbox 832 1876 982 1966; x_wconf 57' lang='lat' dir='ltr'>xersem</span> <span class='ocrx_word' id='word_1_64' title='bbox 998 1889 1142 1975; x_wconf 76' lang='grc' dir='ltr'><em>βροτοῖς.</em></span> 
     </span>
    </p>

    <p class='ocr_par' dir='ltr' id='par_1_5' title="bbox 476 1987 1100 2086">
     <span class='ocr_line' id='line_1_12' title="bbox 476 1987 1100 2086; baseline 0.003 -24"><span class='ocrx_word' id='word_1_65' title='bbox 476 1991 523 2071; x_wconf 78' lang='grc' dir='ltr'>ὠς</span> <span class='ocrx_word' id='word_1_66' title='bbox 542 1987 618 2062; x_wconf 74' lang='grc' dir='ltr'><strong><em>οὔτε</em></strong></span> <span class='ocrx_word' id='word_1_67' title='bbox 638 1988 744 2086; x_wconf 70' lang='grc' dir='ltr'><strong><em>μήτηρ</em></strong></span> <span class='ocrx_word' id='word_1_68' title='bbox 764 1990 883 2086; x_wconf 75' lang='grc' dir='ltr'><strong><em>ἡδονᾶς</em></strong></span> <span class='ocrx_word' id='word_1_69' title='bbox 900 1996 994 2074; x_wconf 90' lang='grc' dir='ltr'><strong><em>τοίας</em></strong></span> <span class='ocrx_word' id='word_1_70' title='bbox 1012 1993 1100 2082; x_wconf 78' lang='grc' dir='ltr'><strong><em>ἔχει,</em></strong></span> 
     </span>
    </p>

    <p class='ocr_par' dir='ltr' id='par_1_6' title="bbox 476 2100 1248 2311">
     <span class='ocr_line' id='line_1_13' title="bbox 476 2100 1248 2200; baseline 0.001 -25"><span class='ocrx_word' id='word_1_71' title='bbox 476 2101 517 2176; x_wconf 77' lang='lat' dir='ltr'>eti</span> <span class='ocrx_word' id='word_1_72' title='bbox 537 2112 656 2186; x_wconf 80' lang='grc' dir='ltr'><strong><em>παῖδες</em></strong></span> <span class='ocrx_word' id='word_1_73' title='bbox 674 2103 919 2200; x_wconf 68' lang='grc' dir='ltr'><strong><em>ἀνθρώποισιν,</em></strong></span> <span class='ocrx_word' id='word_1_74' title='bbox 940 2100 980 2176; x_wconf 79' lang='grc' dir='ltr'>οὕ</span> <span class='ocrx_word' id='word_1_75' title='bbox 1000 2108 1101 2199; x_wconf 80' lang='grc' dir='ltr'><strong><em>φίλος</em></strong></span> <span class='ocrx_word' id='word_1_76' title='bbox 1120 2100 1248 2198; x_wconf 77' lang='grc' dir='ltr'><strong><em>πατήρ·</em></strong></span> 
     </span>
     <span class='ocr_line' id='line_1_14' title="bbox 477 2215 1138 2311; baseline 0 -23"><span class='ocrx_word' id='word_1_77' title='bbox 477 2220 566 2310; x_wconf 81' lang='grc' dir='ltr'><strong><em>[οἵας</em></strong></span> <span class='ocrx_word' id='word_1_78' title='bbox 586 2215 626 2288; x_wconf 74' lang='grc' dir='ltr'>οὗ</span> <span class='ocrx_word' id='word_1_79' title='bbox 645 2221 700 2307; x_wconf 81' lang='grc' dir='ltr'><strong><em>χοὶ</em></strong></span> <span class='ocrx_word' id='word_1_80' title='bbox 721 2221 759 2288; x_wconf 78' lang='grc' dir='ltr'>οὲ</span> <span class='ocrx_word' id='word_1_81' title='bbox 781 2215 923 2306; x_wconf 80' lang='grc' dir='ltr'><strong><em>δώμασιν</em></strong></span> <span class='ocrx_word' id='word_1_82' title='bbox 941 2220 1138 2311; x_wconf 74' lang='grc' dir='ltr'><strong><em>κατημένοι]</em></strong></span> 
     </span>
    </p>

    <p class='ocr_par' dir='ltr' id='par_1_7' title="bbox 476 2315 1232 2535">
     <span class='ocr_line' id='line_1_15' title="bbox 476 2315 1228 2424; baseline 0.001 -26"><span class='ocrx_word' id='word_1_83' title='bbox 476 2315 508 2398; x_wconf 76' lang='grc' dir='ltr'>εί</span> <span class='ocrx_word' id='word_1_84' title='bbox 527 2325 557 2400; x_wconf 78' lang='grc' dir='ltr'>δ’</span> <span class='ocrx_word' id='word_1_85' title='bbox 577 2327 598 2423; x_wconf 83' lang='grc' dir='ltr'><em>ἦ</em></span> <span class='ocrx_word' id='word_1_86' title='bbox 621 2325 750 2424; x_wconf 78' lang='grc' dir='ltr'><strong><em>Κύπρις</em></strong></span> <span class='ocrx_word' id='word_1_87' title='bbox 771 2337 917 2402; x_wconf 76' lang='grc' dir='ltr'><strong><em>τοιοῦτον</em></strong></span> <span class='ocrx_word' id='word_1_88' title='bbox 937 2325 1130 2422; x_wconf 74' lang='grc' dir='ltr'><strong><em>ὀφθαλμοῖς</em></strong></span> <span class='ocrx_word' id='word_1_89' title='bbox 1150 2323 1228 2422; x_wconf 79' lang='grc' dir='ltr'><strong><em>ὁρᾷ,</em></strong></span> 
     </span>
     <span class='ocr_line' id='line_1_16' title="bbox 480 2436 1232 2535; baseline -0.004 -24"><span class='ocrx_word' id='word_1_90' title='bbox 480 2436 522 2511; x_wconf 80' lang='grc' dir='ltr'>ου’</span> <span class='ocrx_word' id='word_1_91' title='bbox 542 2439 647 2530; x_wconf 72' lang='grc' dir='ltr'><strong><em>θαῦμ’</em></strong></span> <span class='ocrx_word' id='word_1_92' title='bbox 669 2441 794 2535; x_wconf 75' lang='grc' dir='ltr'><strong><em>ἔρωτας</em></strong></span> <span class='ocrx_word' id='word_1_93' title='bbox 813 2445 953 2535; x_wconf 84' lang='grc' dir='ltr'><strong><em>μυρίους</em></strong></span> <span class='ocrx_word' id='word_1_94' title='bbox 973 2437 1070 2534; x_wconf 68' lang='grc' dir='ltr'><strong><em>αὐτὴν</em></strong></span> <span class='ocrx_word' id='word_1_95' title='bbox 1089 2442 1232 2532; x_wconf 81' lang='grc' dir='ltr'><strong><em>τρέφειν.</em></strong></span> 
     </span>
    </p>

    <p class='ocr_par' dir='ltr' id='par_1_8' title="bbox 281 2556 1412 2970">
     <span class='ocr_line' id='line_1_17' title="bbox 327 2556 1411 2645; baseline 0 -24"><span class='ocrx_word' id='word_1_96' title='bbox 327 2556 456 2622; x_wconf 85' lang='lat' dir='ltr'>Versum</span> <span class='ocrx_word' id='word_1_97' title='bbox 479 2558 623 2625; x_wconf 86' lang='lat' dir='ltr'>inutilem</span> <span class='ocrx_word' id='word_1_98' title='bbox 647 2566 679 2625; x_wconf 86' lang='lat' dir='ltr'>et</span> <span class='ocrx_word' id='word_1_99' title='bbox 705 2561 886 2638; x_wconf 83' lang='lat' dir='ltr'>inficetum,</span> <span class='ocrx_word' id='word_1_100' title='bbox 920 2581 1008 2644; x_wconf 89' lang='lat' dir='ltr'>quem</span> <span class='ocrx_word' id='word_1_101' title='bbox 1033 2559 1160 2624; x_wconf 81' lang='lat' dir='ltr'>uncinis</span> <span class='ocrx_word' id='word_1_102' title='bbox 1179 2559 1276 2645; x_wconf 86' lang='lat' dir='ltr'>sepsi,</span> <span class='ocrx_word' id='word_1_103' title='bbox 1301 2556 1411 2622; x_wconf 89' lang='lat' dir='ltr'>habent</span> 
     </span>
     <span class='ocr_line' id='line_1_18' title="bbox 281 2671 1412 2762; baseline -0.004 -24"><span class='ocrx_word' id='word_1_104' title='bbox 281 2671 458 2738; x_wconf 86' lang='lat' dir='ltr'>Athenaeus</span> <span class='ocrx_word' id='word_1_105' title='bbox 469 2671 535 2752; x_wconf 84' lang='lat' dir='ltr'>IV,</span> <span class='ocrx_word' id='word_1_106' title='bbox 560 2696 589 2760; x_wconf 84' lang='lat' dir='ltr'>p.</span> <span class='ocrx_word' id='word_1_107' title='bbox 612 2678 676 2740; x_wconf 84' lang='lat'>159</span> <span class='ocrx_word' id='word_1_108' title='bbox 691 2675 733 2752; x_wconf 92' lang='lat' dir='ltr'>B,</span> <span class='ocrx_word' id='word_1_109' title='bbox 754 2682 786 2742; x_wconf 92' lang='lat' dir='ltr'>et</span> <span class='ocrx_word' id='word_1_110' title='bbox 809 2677 921 2740; x_wconf 81' lang='lat' dir='ltr'>Sextus</span> <span class='ocrx_word' id='word_1_111' title='bbox 933 2675 1051 2762; x_wconf 78' lang='lat' dir='ltr'>Empir.</span> <span class='ocrx_word' id='word_1_112' title='bbox 1066 2699 1096 2762; x_wconf 91' lang='lat' dir='ltr'>p.</span> <span class='ocrx_word' id='word_1_113' title='bbox 1118 2679 1200 2752; x_wconf 82' lang='lat'><strong>663,</strong></span> <span class='ocrx_word' id='word_1_114' title='bbox 1222 2678 1275 2740; x_wconf 77' lang='lat'>28.</span> <span class='ocrx_word' id='word_1_115' title='bbox 1287 2673 1412 2740; x_wconf 86' lang='lat' dir='ltr'>Omittit</span> 
     </span>
     <span class='ocr_line' id='line_1_19' title="bbox 281 2787 1411 2880; baseline 0 -28"><span class='ocrx_word' id='word_1_116' title='bbox 281 2787 573 2874; x_wconf 87' lang='lat' dir='ltr'>Stobaeuset,qund</span> <span class='ocrx_word' id='word_1_117' title='bbox 586 2791 752 2856; x_wconf 80' lang='lat' dir='ltr'>maximum</span> <span class='ocrx_word' id='word_1_118' title='bbox 776 2796 833 2868; x_wconf 74' lang='lat' dir='ltr'>est,</span> <span class='ocrx_word' id='word_1_119' title='bbox 855 2813 919 2856; x_wconf 90' lang='lat' dir='ltr'>non</span> <span class='ocrx_word' id='word_1_120' title='bbox 938 2791 1069 2880; x_wconf 81' lang='lat' dir='ltr'>agnovit</span> <span class='ocrx_word' id='word_1_121' title='bbox 1084 2791 1200 2856; x_wconf 78' lang='lat' dir='ltr'>Seneca</span> <span class='ocrx_word' id='word_1_122' title='bbox 1220 2789 1321 2878; x_wconf 80' lang='lat' dir='ltr'>Epist.</span> <span class='ocrx_word' id='word_1_123' title='bbox 1342 2792 1411 2862; x_wconf 86' lang='lat'>115,</span> 
     </span>
     <span class='ocr_line' id='line_1_20' title="bbox 281 2902 615 2970; baseline 0.009 -3"><span class='ocrx_word' id='word_1_124' title='bbox 281 2903 327 2967; x_wconf 77' lang='lat' dir='ltr'>sin</span> <span class='ocrx_word' id='word_1_125' title='bbox 348 2902 451 2970; x_wconf 88' lang='lat' dir='ltr'>loeum</span> <span class='ocrx_word' id='word_1_126' title='bbox 475 2910 615 2970; x_wconf 85' lang='lat' dir='ltr'>vertens:</span> 
     </span>
    </p>

    <p class='ocr_par' dir='ltr' id='par_1_9' title="bbox 452 3021 1164 3106">
     <span class='ocr_line' id='line_1_21' title="bbox 452 3021 1164 3106; baseline 0.004 -21"><span class='ocrx_word' id='word_1_127' title='bbox 452 3021 588 3106; x_wconf 82' lang='grc' dir='ltr'><strong><em>μοιτιιίο</em></strong></span> <span class='ocrx_word' id='word_1_128' title='bbox 609 3024 717 3106; x_wconf 77' lang='grc' dir='ltr'><strong><em>ιἰιρτιιο</em></strong></span> <span class='ocrx_word' id='word_1_129' title='bbox 736 3023 860 3106; x_wconf 69' lang='lat' dir='ltr'>pemeria</span> <span class='ocrx_word' id='word_1_130' title='bbox 882 3023 1010 3088; x_wconf 77' lang='grc' dir='ltr'><strong><em>ίνιιιαιιί</em></strong></span> <span class='ocrx_word' id='word_1_131' title='bbox 1032 3022 1164 3102; x_wconf 78' lang='lat' dir='ltr'>besem,</span> 
     </span>
    </p>

    <p class='ocr_par' dir='ltr' id='par_1_10' title="bbox 455 3123 1479 3341">
     <span class='ocr_line' id='line_1_22' title="bbox 458 3137 1252 3224; baseline 0.005 -24"><span class='ocrx_word' id='word_1_132' title='bbox 458 3139 510 3200; x_wconf 83' lang='grc' dir='ltr'><strong><em>οιιί</em></strong></span> <span class='ocrx_word' id='word_1_133' title='bbox 529 3157 589 3201; x_wconf 75' lang='lat' dir='ltr'>eos</span> <span class='ocrx_word' id='word_1_134' title='bbox 612 3138 758 3221; x_wconf 77' lang='lat' dir='ltr'>eobrrptaa</span> <span class='ocrx_word' id='word_1_135' title='bbox 779 3138 892 3204; x_wconf 78' lang='lat' dir='ltr'>matria</span> <span class='ocrx_word' id='word_1_136' title='bbox 914 3147 972 3204; x_wconf 76' lang='lat' dir='ltr'>eset</span> <span class='ocrx_word' id='word_1_137' title='bbox 995 3137 1129 3204; x_wconf 77' lang='lat' dir='ltr'><em>bleedee</em></span> <span class='ocrx_word' id='word_1_138' title='bbox 1146 3145 1252 3224; x_wconf 79' lang='lat' dir='ltr'>potest</span> 
     </span>
     <span class='ocr_line' id='line_1_23' title="bbox 455 3253 1222 3341; baseline 0.001 -24"><span class='ocrx_word' id='word_1_139' title='bbox 455 3274 518 3336; x_wconf 80' lang='lat' dir='ltr'>per</span> <span class='ocrx_word' id='word_1_140' title='bbox 540 3275 605 3316; x_wconf 84' lang='lat' dir='ltr'>ease</span> <span class='ocrx_word' id='word_1_141' title='bbox 622 3253 737 3336; x_wconf 69' lang='lat' dir='ltr'>prom,</span> <span class='ocrx_word' id='word_1_142' title='bbox 761 3275 822 3318; x_wconf 80' lang='lat' dir='ltr'>eon</span> <span class='ocrx_word' id='word_1_143' title='bbox 843 3275 930 3318; x_wconf 84' lang='lat' dir='ltr'>aaeer</span> <span class='ocrx_word' id='word_1_144' title='bbox 952 3254 1071 3320; x_wconf 77' lang='lat' dir='ltr'>meritis</span> <span class='ocrx_word' id='word_1_145' title='bbox 1088 3275 1222 3341; x_wconf 72' lang='grc' dir='ltr'><strong><em>μανατος</em></strong></span> 
     </span>
    </p>

    <p class='ocr_par' dir='ltr' id='par_1_11' title="bbox 461 3369 1240 3454">
     <span class='ocr_line' id='line_1_24' title="bbox 461 3369 1240 3454; baseline 0.005 -24"><span class='ocrx_word' id='word_1_146' title='bbox 461 3373 524 3430; x_wconf 84' lang='lat' dir='ltr'>tam</span> <span class='ocrx_word' id='word_1_147' title='bbox 547 3369 638 3432; x_wconf 76' lang='lat' dir='ltr'><em>deleo</em></span> <span class='ocrx_word' id='word_1_148' title='bbox 655 3369 684 3432; x_wconf 82' lang='grc' dir='ltr'>ιί</span> <span class='ocrx_word' id='word_1_149' title='bbox 706 3369 784 3454; x_wconf 80' lang='lat' dir='ltr'>quid</span> <span class='ocrx_word' id='word_1_150' title='bbox 812 3369 938 3434; x_wconf 74' lang='lat' dir='ltr'>Veneria</span> <span class='ocrx_word' id='word_1_151' title='bbox 960 3370 994 3434; x_wconf 84' lang='grc' dir='ltr'>ιἰι</span> <span class='ocrx_word' id='word_1_152' title='bbox 1012 3370 1104 3434; x_wconf 77' lang='lat' dir='ltr'>nette</span> <span class='ocrx_word' id='word_1_153' title='bbox 1124 3371 1219 3435; x_wconf 77' lang='lat' dir='ltr'>micet</span> <span class='ocrx_word' id='word_1_154' title='bbox 1230 3416 1240 3446; x_wconf 93' lang='lat'><strong><em>‚</em></strong></span> 
     </span>
    </p>

    <p class='ocr_par' dir='ltr' id='par_1_12' title="bbox 460 3484 1356 3570">
     <span class='ocr_line' id='line_1_25' title="bbox 460 3484 1356 3570; baseline -0.001 -23"><span class='ocrx_word' id='word_1_155' title='bbox 460 3485 565 3548; x_wconf 75' lang='lat' dir='ltr'>merito</span> <span class='ocrx_word' id='word_1_156' title='bbox 588 3484 650 3549; x_wconf 81' lang='lat' dir='ltr'>ille</span> <span class='ocrx_word' id='word_1_157' title='bbox 673 3507 789 3549; x_wconf 81' lang='lat' dir='ltr'>amores</span> <span class='ocrx_word' id='word_1_158' title='bbox 807 3485 946 3561; x_wconf 72' lang='lat' dir='ltr'>coelitem</span> <span class='ocrx_word' id='word_1_159' title='bbox 968 3491 1060 3570; x_wconf 75' lang='lat' dir='ltr'>atque</span> <span class='ocrx_word' id='word_1_160' title='bbox 1080 3485 1230 3550; x_wconf 76' lang='grc' dir='ltr'><strong><em>ίοιιιίιιιιοι</em></strong></span> <span class='ocrx_word' id='word_1_161' title='bbox 1252 3489 1356 3548; x_wconf 78' lang='lat' dir='ltr'>meoet.</span> 
     </span>
    </p>

    <p class='ocr_par' dir='ltr' id='par_1_13' title="bbox 282 3595 1479 4262">
     <span class='ocr_line' id='line_1_26' title="bbox 327 3595 1410 3686; baseline -0.004 -24"><span class='ocrx_word' id='word_1_162' title='bbox 327 3598 487 3662; x_wconf 89' lang='lat' dir='ltr'>Praeterea</span> <span class='ocrx_word' id='word_1_163' title='bbox 511 3604 592 3664; x_wconf 70' lang='lat' dir='ltr'>vat</span> <span class='ocrx_word' id='word_1_164' title='bbox 619 3621 686 3666; x_wconf 87' lang='lat' dir='ltr'>eum</span> <span class='ocrx_word' id='word_1_165' title='bbox 708 3601 802 3666; x_wconf 71' lang='lat' dir='ltr'>Sexto</span> <span class='ocrx_word' id='word_1_166' title='bbox 820 3599 979 3686; x_wconf 78' lang='lat' dir='ltr'>Empirieo</span> <span class='ocrx_word' id='word_1_167' title='bbox 1002 3605 1033 3665; x_wconf 90' lang='lat' dir='ltr'>et</span> <span class='ocrx_word' id='word_1_168' title='bbox 1055 3599 1181 3666; x_wconf 83' lang='lat' dir='ltr'>Stobaei</span> <span class='ocrx_word' id='word_1_169' title='bbox 1205 3598 1273 3666; x_wconf 86' lang='lat' dir='ltr'><strong>cod.</strong></span> <span class='ocrx_word' id='word_1_170' title='bbox 1296 3595 1410 3662; x_wconf 82' lang='lat' dir='ltr'>Vindo-</span> 
     </span>
     <span class='ocr_line' id='line_1_27' title="bbox 282 3703 1409 3803; baseline -0.004 -24"><span class='ocrx_word' id='word_1_171' title='bbox 282 3713 413 3780; x_wconf 88' lang='lat' dir='ltr'>bonensi</span> <span class='ocrx_word' id='word_1_172' title='bbox 429 3712 499 3778; x_wconf 88' lang='lat' dir='ltr'>dedi</span> <span class='ocrx_word' id='word_1_173' title='bbox 519 3709 614 3788; x_wconf 82' lang='grc' dir='ltr'><strong><em>τοίας</em></strong></span> <span class='ocrx_word' id='word_1_174' title='bbox 633 3736 688 3801; x_wconf 90' lang='lat' dir='ltr'>pro</span> <span class='ocrx_word' id='word_1_175' title='bbox 709 3703 848 3795; x_wconf 77' lang='grc' dir='ltr'><strong><em>τοιάσδ’,</em></strong></span> <span class='ocrx_word' id='word_1_176' title='bbox 871 3715 905 3780; x_wconf 89' lang='lat' dir='ltr'>in</span> <span class='ocrx_word' id='word_1_177' title='bbox 925 3736 986 3800; x_wconf 88' lang='lat' dir='ltr'>quo</span> <span class='ocrx_word' id='word_1_178' title='bbox 1003 3714 1083 3782; x_wconf 87' lang='lat' dir='ltr'>illud</span> <span class='ocrx_word' id='word_1_179' title='bbox 1104 3719 1175 3803; x_wconf 84' lang='lat' dir='ltr'>poet</span> <span class='ocrx_word' id='word_1_180' title='bbox 1197 3712 1409 3801; x_wconf 90' lang='lat' dir='ltr'>interpolatum</span> 
     </span>
     <span class='ocr_line' id='line_1_28' title="bbox 283 3813 1407 3918; baseline -0.004 -25"><span class='ocrx_word' id='word_1_181' title='bbox 283 3848 403 3893; x_wconf 88' lang='lat' dir='ltr'>versum</span> <span class='ocrx_word' id='word_1_182' title='bbox 427 3827 539 3893; x_wconf 88' lang='lat' dir='ltr'>abiisse</span> <span class='ocrx_word' id='word_1_183' title='bbox 562 3828 720 3916; x_wconf 86' lang='lat' dir='ltr'>probabile</span> <span class='ocrx_word' id='word_1_184' title='bbox 742 3835 798 3894; x_wconf 85' lang='lat' dir='ltr'>eat.</span> <span class='ocrx_word' id='word_1_185' title='bbox 822 3813 923 3894; x_wconf 84' lang='lat' dir='ltr'>Versu</span> <span class='ocrx_word' id='word_1_186' title='bbox 951 3832 1034 3910; x_wconf 77' lang='lat' dir='ltr'>atio,</span> <span class='ocrx_word' id='word_1_187' title='bbox 1055 3837 1219 3918; x_wconf 87' lang='lat' dir='ltr'>postquam</span> <span class='ocrx_word' id='word_1_188' title='bbox 1245 3831 1306 3894; x_wconf 92' lang='lat' dir='ltr'>iam</span> <span class='ocrx_word' id='word_1_189' title='bbox 1330 3850 1372 3893; x_wconf 89' lang='lat' dir='ltr'>vs.</span> <span class='ocrx_word' id='word_1_190' title='bbox 1392 3828 1407 3888; x_wconf 84' lang='lat'>1</span> 
     </span>
     <span class='ocr_line' id='line_1_29' title="bbox 283 3935 1410 4033; baseline -0.004 -27"><span class='ocrx_word' id='word_1_191' title='bbox 283 3941 404 4008; x_wconf 79' lang='lat' dir='ltr'>dixerat</span> <span class='ocrx_word' id='word_1_192' title='bbox 425 3942 576 4030; x_wconf 80' lang='grc' dir='ltr'><strong><em>βροτοῖς,</em></strong></span> <span class='ocrx_word' id='word_1_193' title='bbox 599 3945 701 4010; x_wconf 87' lang='lat' dir='ltr'>minus</span> <span class='ocrx_word' id='word_1_194' title='bbox 732 3943 890 4032; x_wconf 83' lang='lat' dir='ltr'>eleganter</span> <span class='ocrx_word' id='word_1_195' title='bbox 913 3949 1002 4030; x_wconf 88' lang='lat' dir='ltr'>poeta</span> <span class='ocrx_word' id='word_1_196' title='bbox 1023 3935 1247 4033; x_wconf 73' lang='grc' dir='ltr'><strong><em>ἀνθρώποισιν</em></strong></span> <span class='ocrx_word' id='word_1_197' title='bbox 1275 3941 1410 4008; x_wconf 82' lang='lat' dir='ltr'>intulisse</span> 
     </span>
     <span class='ocr_line' id='line_1_30' title="bbox 284 4054 1479 4146; baseline 0 -24"><span class='ocrx_word' id='word_1_198' title='bbox 284 4056 382 4123; x_wconf 89' lang='lat' dir='ltr'>videri</span> <span class='ocrx_word' id='word_1_199' title='bbox 404 4061 523 4144; x_wconf 85' lang='lat' dir='ltr'>potest,</span> <span class='ocrx_word' id='word_1_200' title='bbox 553 4081 647 4144; x_wconf 89' lang='lat' dir='ltr'>quare</span> <span class='ocrx_word' id='word_1_201' title='bbox 669 4059 750 4126; x_wconf 86' lang='lat' dir='ltr'>haud</span> <span class='ocrx_word' id='word_1_202' title='bbox 775 4060 841 4125; x_wconf 85' lang='lat' dir='ltr'>seio</span> <span class='ocrx_word' id='word_1_203' title='bbox 863 4082 900 4124; x_wconf 93' lang='lat' dir='ltr'>an</span> <span class='ocrx_word' id='word_1_204' title='bbox 926 4059 1036 4127; x_wconf 90' lang='lat' dir='ltr'>melius</span> <span class='ocrx_word' id='word_1_205' title='bbox 1075 4059 1242 4146; x_wconf 79' lang='lat' dir='ltr'>recipiatur</span> <span class='ocrx_word' id='word_1_206' title='bbox 1264 4054 1408 4128; x_wconf 85' lang='lat' dir='ltr'>Athenaei</span> <span class='ocrx_word' id='word_1_207' title='bbox 1478 4125 1479 4138; x_wconf 19' lang='lat'>¹</span> 
     </span>
     <span class='ocr_line' id='line_1_31' title="bbox 284 4141 1479 4262; baseline 0.004 -26"><span class='ocrx_word' id='word_1_208' title='bbox 284 4170 393 4237; x_wconf 86' lang='lat' dir='ltr'>lectio:</span> <span class='ocrx_word' id='word_1_209' title='bbox 421 4166 459 4236; x_wconf 84' lang='lat' dir='ltr'>mi</span> <span class='ocrx_word' id='word_1_210' title='bbox 476 4173 593 4250; x_wconf 75' lang='grc' dir='ltr'><strong><em>παῖδας</em></strong></span> <span class='ocrx_word' id='word_1_211' title='bbox 611 4171 649 4242; x_wconf 82' lang='grc' dir='ltr'>ἐν</span> <span class='ocrx_word' id='word_1_212' title='bbox 667 4164 865 4259; x_wconf 85' lang='grc' dir='ltr'><strong><em>δόμοισιν,</em></strong></span> <span class='ocrx_word' id='word_1_213' title='bbox 889 4164 928 4239; x_wconf 83' lang='lat' dir='ltr'>mi</span> <span class='ocrx_word' id='word_1_214' title='bbox 947 4173 1047 4262; x_wconf 78' lang='grc' dir='ltr'><strong><em>φίλος</em></strong></span> <span class='ocrx_word' id='word_1_215' title='bbox 1068 4163 1187 4262; x_wconf 80' lang='grc' dir='ltr'><strong><em>πατήρ.</em></strong></span> <span class='ocrx_word' id='word_1_216' title='bbox 1477 4141 1479 4202; x_wconf 59' lang='lat' dir='ltr'>i</span> 
     </span>
    </p>
   </div>
   <div class='ocr_carea' id='block_1_4' title="bbox 758 4389 912 4403">
    <p class='ocr_par' dir='ltr' id='par_1_14' title="bbox 758 4389 912 4403">
     <span class='ocr_line' id='line_1_32' title="bbox 758 4389 912 4403; baseline 0.019 -3"><span class='ocrx_word' id='word_1_217' title='bbox 758 4389 912 4403; x_wconf 51' lang='grc' dir='ltr'><strong><em>Μ</em></strong></span> 
     </span>
    </p>
   </div>
   <div class='ocr_carea' id='block_1_5' title="bbox 0 0 1508 5156">
    <p class='ocr_par' dir='ltr' id='par_1_15' title="bbox 0 0 1508 5156">
     <span class='ocr_line' id='line_1_33' title="bbox 0 0 1508 5156; baseline 0 0"><span class='ocrx_word' id='word_1_218' title='bbox 0 0 1508 5156; x_wconf 95' lang='lat' dir='ltr'> </span> 
     </span>
    </p>
   </div>
  </div>
 </body>
</html>
