2964 5160
610 453 672 518 153

82 727 250 815 γεκδρείως,
274 740 420 824 corrupta
442 735 524 802 haud
559 737 651 804 dubie
680 761 717 803 ex
752 737 847 805 hucee
879 645 1098 825 γίεκύύίίίιίέως
1112 763 1203 829 quem

81 845 169 928 reperi
189 847 221 909 in
245 848 367 925 codice,
393 873 485 938 quem
508 852 629 919 contuli
653 855 792 920 Parisiis.

118 958 186 1048 Cap.
215 965 277 1027 12:
309 960 577 1047 καθίςαιτο,“
556 990 607 1032 οτι
638 957 750 1042 αὐτοῖς
779 957 884 1035 ἐδόκει
909 961 954 1056 μή
978 969 1085 1045 καλοῖς
1111 964 1205 1054 ἔχειν.

80 1073 155 1160 Lege
175 1074 371 1156 μεθίςαντο
390 1073 454 1144 nei.

118 1188 187 1273 Cep.
205 1191 246 1252 18
262 1189 349 1254 init:
373 1181 523 1264 Σπονδοίς
542 1185 855 1280 ἐποιήσαντο-περί
876 1191 935 1272 μὲν
954 1194 1016 1256 τῶν
1036 1189 1131 1279 ἱερῶν
1142 1191 1208 1256 τῶν

79 1303 179 1365 κοινῶν
198 1290 292 1367 θύειν
312 1299 375 1368 καὶ
399 1299 497 1368 ἰέναι
519 1299 572 1366 καί
592 1293 813 1386 μαντεύεσθαι
834 1303 888 1370 καί
909 1305 1050 1392 θεωρεῖν
1068 1296 1150 1368 κατοί
1166 1294 1208 1368 τοί

79 1402 193 1500 πάτρια
225 1407 281 1478 τὸν
309 1404 516 1495 βουλόμενοι.
540 1415 693 1504 Corruptu
716 1423 791 1482 sunt
814 1416 964 1483 vocabule
995 1413 1061 1480 καί
1093 1412 1206 1481 ἰέναι.

80 1523 152 1587 Mihi
174 1525 299 1609 quidem
323 1526 404 1591 nihil
427 1530 585 1608 occurrit,
608 1532 691 1616 quod
715 1532 817 1619 uptiuu
840 1536 1006 1620 reponatur
1025 1551 1116 1615 quem
1130 1528 1206 1593 hoc:

80 1627 163 1702 θύειν
183 1635 333 1717 ἐξεῖναι
351 1639 406 1706 καί
426 1634 647 1722 μαντεύεσθαι
666 1641 729 1710 κτὲ.
750 1649 797 1713 cf.
819 1649 892 1734 Cep.
909 1647 951 1712 28
975 1647 993 1730 δ
1020 1646 1048 1724 1,
1072 1646 1145 1730 Cep
1162 1644 1206 1708 43

80 1749 94 1831 t
125 1754 153 1814 θ.
188 1751 267 1816 Mox
302 1775 358 1838 pro
392 1752 531 1839 δικαίῳ
573 1748 729 1848 χρήσθων
755 1759 810 1826 καί
829 1755 939 1848 ὅρκοις
971 1784 989 1826 e
1023 1758 1207 1846 quibusdem

82 1864 159 1929 codd.
178 1866 403 1934 emendaverim
427 1865 560 1945 δίκαις
580 1861 738 1959 χρήσθων
758 1895 821 1938 κτε.

116 1980 187 2067 Cap.
201 1983 263 2046 29.
286 1983 452 2069 Μαντικῆς
474 1973 504 2048 δ’
513 1976 688 2057 αὐτοῖςκαὶ
700 2007 732 2050 οι
723 1975 909 2068 (ξύμμαχοι
929 1978 1062 2072 [αυτῶν]
1080 1984 1209 2073 πριῦτοι

78 2085 440 2181 προσεχώρησαν-τοῖς
459 2089 522 2180 peip
543 2095 742 2161 Μαντινεῦσι
762 2094 862 2184 μέρος
889 2121 922 2164 τι
950 2098 1008 2184 τῆς
1035 2088 1209 2186 Ἀρκαδίας

77 2204 276 2294 κατέςραπτο
300 2201 481 2293 [ὑπήκοον]

115 2320 187 2406 Gap.
212 2324 256 2384 31
278 2319 336 2384 tin:
367 2317 510 2384 Βοιωτοί
530 2320 568 2384 δε
590 2319 643 2384 καί
663 2322 821 2408 Μεγαρῆς
841 2312 942 2387 ταύτδ
964 2319 1110 2407 λέγοντες
1130 2313 1207 2408 ἡσύ-

76 2431 186 2515 χαζον,
213 2422 514 2519 περιορώμενοι
540 2422 605 2496 tut
633 2430 698 2493 τῶν
724 2431 1004 2515 Λακεδαιμονίων,
1038 2432 1091 2499 καί
1118 2432 1208 2515 νομία

78 2541 180 2622 ζοντές
201 2563 303 2632 σφισι
322 2537 379 2633 τήν
397 2536 550 2631 Ἀργείων
566 2541 784 2633 δημοκρατίαν
798 2535 909 2618 αὐτοῖς
925 2537 1209 2632 ὀλιγαρχουμέναις

76 2647 170 2744 ἧσσον
188 2646 365 2744 ξύμφορον
386 2646 467 2722 είναι
483 2657 542 2744 τῆς
560 2655 828 2737 Λακεδαιμονίων
843 2657 1021 2733 πολιτείας.
1045 2658 1208 2724 Goellerus

75 2771 307 2858 interpretatur:
331 2773 411 2856 quod
442 2796 463 2836 α
489 2772 727 2836 lacedemoniis
761 2779 1029 2840 contemnerentur.
1074 2775 1208 2851 Ideone‚

76 2886 204 2964 ebone,
237 2885 349 2970 aliquis
373 2886 523 2970 quiescet,
547 2886 629 2970 quod
661 2888 818 2952 contemni
850 2909 882 2952 se
902 2888 940 2952 eb
962 2889 1139 2956 adversario
1158 2891 1209 2954 in-

75 3001 216 3088 telligat?
241 3001 393 3078 Accedit,
416 2999 498 3085 quod
522 3000 582 3066 hcc
606 3024 698 3066 sensu
721 3003 872 3069 Graccum
897 3011 945 3070 eet
968 2996 1210 3093 ὑπερορώμε-

75 3135 127 3178 νοι.
151 3115 239 3189 Quid
263 3114 440 3193 delitescet,
464 3137 527 3180 non
546 3117 700 3182 contendo
718 3140 765 3182 me
781 3119 947 3204 repeniese:
969 3124 1140 3183 monstrum
1165 3117 1207 3182 ali

76 3232 278 3296 certissimum
301 3236 356 3295 est.
387 3231 532 3317 Cogitavi
557 3231 594 3296 de
612 3233 809 3318 neponendc:
832 3222 1164 3317 πολυωρούμενοι.

116 3346 190 3432 Cep.
214 3347 256 3411 35
279 3345 350 3411 init.
377 3352 573 3434 expungatur
596 3346 759 3413 emblema:
782 3343 817 3412 οἳ
836 3367 873 3412 τε
890 3340 1058 3433 Ἀθηναῖοι
1077 3341 1131 3408 καί
1151 3340 1209 3423 (οἱ)

74 3449 336 3540 Λακεδαιμόνιοι.

116 3573 191 3658 Cap.
202 3576 244 3636 50
255 3573 273 3656 δ
285 3576 319 3636 1:
332 3594 388 3656 pro
400 3557 640 3658 ἀπομόσαι-ἦ
652 3569 714 3658 μὴν
727 3561 924 3651 ἀποδώσειν,
950 3568 1020 3658 lego
1036 3556 1210 3649 ἐπομόσαι

74 3687 134 3753 net.
144 3687 389 3774 Aristophanes:
404 3681 458 3750 καὶ
472 3677 508 3772 νῆ
519 3678 571 3752 Δι’
592 3677 779 3753 α’ποδιύσειν
799 3673 978 3768 ἐπώμνυς
999 3675 1075 3755 τούς
1095 3668 1208 3752 θεούς.

116 3804 192 3891 Cep.
216 3805 257 3870 51
284 3803 428 3869 ultimum
453 3800 637 3867 vocabulum
659 3789 810 3864 ἐτελεύτα
831 3797 989 3877 exsulat0;
1021 3795 1102 3860 idem
1128 3792 1209 3858 velet

76 3917 111 3982 de
136 3920 239 4006 cupite
266 3919 318 3984 56.

117 4036 192 4121 Cep.
208 4036 250 4100 59
267 4056 361 4121 prope
371 4035 463 4100 finem
480 4033 637 4098 abiectum
658 4030 749 4098 velim
770 4019 929 4118 Ἀργείοις
949 4034 980 4095 et
1000 4027 1069 4093 init.
1087 4047 1144 4112 cap
1157 4029 1206 4091 ‚60

74 4145 134 4208 cuin
153 4139 316 4236 Ἀργείων.

120 4261 252 4348 captu
279 4264 296 4346 ρ
322 4262 342 4324 6
365 4260 515 4325 excidisse
548 4259 695 4345 quaedam
723 4259 864 4345 suspicor
887 4257 933 4322 uic
957 4254 1207 4343 redintegranda:

75 4363 129 4438 τόν
155 4397 191 4439 τε
213 4366 383 4462 Θρασύλον
409 4372 485 4448 (καί
505 4367 572 4440 τόν
598 4365 845 4461 Ἀλκίφρονα)
877 4361 1056 4458 -ἤρξαντο
1084 4359 1208 4434 λεύειν·
