2990 5156
639 447 680 510 35

154 601 341 670 securior
363 609 531 691 CXXIII,
553 608 776 707 4Εδριπλδον
799 625 1072 712 Ανδρομέδας·

256 710 295 785 το
314 713 416 812 ζῆν’
393 722 548 812 αφέντις
569 721 613 798 cd
635 724 716 798 κατα
736 734 790 821 γῆν
811 735 943 818 τιμῶσί
969 759 1051 810 σου.

257 822 407 918 uevdvy'·
428 829 506 906 ὅταν
524 862 586 929 γαρ
607 839 648 930 ζῆ
668 865 717 918 τις
737 836 865 932 εὐτυχεῖ
884 847 1021 937 Κρέον.

111 937 303 1024 scripserim:

251 1067 290 1121 A.
313 1080 352 1123 το
344 1051 472 1148 ζῆν’
450 1060 588 1152 αφέντα
609 1088 650 1132 σε
671 1065 753 1134 uacci
773 1073 839 1161 γῆς
857 1069 991 1160 τιμῶσ
1011 1079 1116 1157 ἴσως.

246 1172 283 1232 Β.
309 1160 463 1258 νενόνγ·
484 1167 560 1241 ὅταν
580 1202 642 1265 γαρ
665 1179 706 1270 ζῆ
723 1205 786 1264 τις,
808 1177 952 1270 ου’τοχεῖν
972 1183 1105 1280 χρεών.

146 1277 277 1366 Egregia
301 1305 345 1348 vs.
370 1289 587 1356 eemendatio
612 1293 740 1362 debetur
763 1300 955 1386 Musgravio.

589 1497 744 1516 m

143 1641 229 1711 scob.
258 1645 395 1728 LXIII,
424 1656 455 1718 4.
477 1644 658 1741 Εὐριπίδου
679 1649 963 1788 Ἀνδρομέδας·

294 1750 428 1849 Ανδρδς
448 1755 517 1829 δ’
497 1767 640 1892 οροῖντος
662 1765 710 1844 εἰς
730 1761 858 1899 Κύπριν
878 1772 1005 1846 νεανίου

294 1863 495 1962 ἄπρακτος
514 1867 534 1965 ἦ
555 1868 707 1968 τήρησις,
728 1872 765 1970 ἠν
784 1876 845 1974 peip
866 1875 1035 1975 φαυλος
1012 1912 1033 1975 η
1157 1947 1159 1952 .

293 1975 392 2064 τᾶλλ’,
414 1983 462 2064 εἰς
484 1981 594 2076 ἔρωτα
612 1993 678 2069 πᾶς
697 1983 776 2084 οἶνηρ
798 1989 1040 2086 σοφώτατος.

293 2086 358 2180 κῆν
378 2092 428 2185 μή
451 2099 613 2189 προσῆται
634 2095 781 2194 Κύπρις,
804 2100 936 2196 ἥδιστον
954 2111 1075 2195 λαβεῖν.

141 2202 196 2269 Vs.
220 2210 240 2268 2
264 2209 377 2298 scripsi
398 2201 564 2296 ἄπρακτος
585 2237 642 2302 pro
664 2207 851 2304 οἷφδλακτος
873 2247 909 2290 ex
933 2227 1073 2295 Nauckii
1108 2231 1230 2296 coniec-

98 2325 180 2392 tum
212 2345 255 2388 vs.
288 2319 524 2412 3σοφιδτατος
552 2352 619 2396 meo
650 2333 753 2402 Marte
782 2360 838 2423 pro
861 2331 1071 2431 σοφώτερος,
1095 2349 1126 2410 et
1149 2351 1230 2412 ved

97 2457 148 2518 pro
172 2441 339 2504 HNAAN
359 2437 429 2506 dedi
451 2447 636 2512 KHNMH.
675 2505 677 2510 ,

585 2648 735 2662 ———

137 2800 224 2868 Siob.
258 2801 424 2883 XXXVI,
462 2807 518 2872 10.Ι
534 2799 715 2899 Εὐριπίδης
733 2803 936 2902 Ἀντιόπῃ·

245 2907 367 3000 κόσμος
388 2915 425 2982 δὲ
446 2919 534 3008 clyp
557 2916 721 3008 ςεγανδς
743 2917 861 3014 οἱνδρδς
883 2919 923 2993 ου’
940 2928 1054 2995 κακοῦ·

244 3021 283 3095 τό
305 3019 335 3094 δ’
354 3026 504 3096 ἐκλαλοῦν
522 3025 616 3098 τοῦθ’
636 3030 749 3124 ἡδονῆς
769 3035 828 3120 μὲν
849 3032 1003 3121 ἅπτεται,

244 3132 338 3206 κακόν
359 3133 390 3206 δ’
410 3131 555 3230 δμίληρί,
576 3137 715 3223 ἀσθενὲς
736 3143 772 3214 δὲ
795 3148 848 3214 καλ
867 3137 988 3216 πόλει.

133 3253 190 3318 Vs.
217 3254 234 3317 1
258 3253 353 3344 vulgo
375 3254 505 3344 legitur:
534 3245 656 3344 κόσμος
677 3257 714 3326 δὲ
741 3259 852 3350 cappe
881 3261 1077 3354 στέφανος
1105 3255 1224 3353 οἷνδρδς

91 3359 127 3432 ου’
148 3372 260 3448 κακοῦ,
283 3391 374 3455 quam
390 3372 573 3458 scripturam
586 3375 625 3438 ob
645 3374 798 3462 duplicem
820 3398 939 3440 eausam
961 3379 1032 3459 ferri
1053 3400 1114 3441 uon
1134 3401 1222 3465 posse

90 3481 287 3563 crediderim,
310 3487 442 3571 primurn
468 3489 542 3574 quie
564 3485 718 3578 ςὲφανος,
750 3491 808 3568 τοι
832 3473 923 3556 seusu
953 3492 1101 3558 translato
1133 3493 1221 3557 edhi-

89 3595 192 3676 betur,
215 3601 364 3665 uictoriae
383 3605 552 3686 praemium
576 3604 603 3690 ¹)
627 3627 687 3668 non
713 3595 921 3672 οννιανιανιλαννι
942 3609 1117 3695 significare
1133 3608 1220 3686 solet,

89 3713 199 3779 deinde
221 3717 309 3800 quia,
343 3718 369 3781 si
400 3716 460 3782 hoc
483 3719 670 3784 coucedatur
695 3721 791 3805 (quod
816 3728 917 3787 tamen
940 3725 1118 3809 neutiquam
1141 3724 1219 3788 feci-

88 3833 168 3916 mus)
193 3829 334 3921 ςὲφανος
355 3832 374 3895 l.
398 3855 428 3896 u.
451 3855 468 3896 a
491 3839 578 3919 poeta
602 3833 659 3898 hoc
682 3857 743 3899 nou
762 3837 818 3901 illo
834 3861 925 3903 seusu
949 3861 1014 3904 esse
1033 3837 1217 3915 adhibitum,

88 3945 189 4032 inepte
210 3945 370 4031 loquacem
393 3949 492 4034 ipsum
517 3955 635 4034 poetam
660 3952 756 4017 fuisse
783 3953 921 4019 dicamus
937 3976 1059 4042 necesee
1082 3959 1144 4031 est,
1162 3956 1216 4038 qui

86 4061 217 4126 scribere
240 4063 392 4149 potuerit:
427 4071 634 4128 oruamentum
665 4069 897 4134 δοοτλιιννιολολοι
919 4077 1129 4134 ornamentum
1152 4092 1216 4132 ecre

86 4178 145 4240 viri
153 4179 250 4261 prodi.
272 4178 331 4242 His
355 4178 516 4248 decausis
538 4180 637 4266 igitur
659 4187 1036 4252 ΣΙΙῊΣΣΤΕΦΑΝΟΣ
1055 4208 1071 4248 e
1095 4190 1215 4250 ΣΙΓΗ-

118 4433 136 4490 1)
153 4431 199 4480 Sic.
216 4447 238 4480 v.
256 4447 277 4481 c.
295 4431 379 4498 Eurip.
395 4447 431 4496 cp.
449 4431 512 4480 secu.
529 4431 576 4491 LI,
598 4434 630 4482 14
652 4449 686 4486 rs.
705 4435 720 4482 3
739 4437 763 4484 ei
780 4435 875 4499 passim.
