2990 5156
246 505 266 554 X
698 507 933 556 PRAEFA'MO·

242 683 278 730 σε
308 649 460 730 οἱνιοίνιων
490 657 696 754 ὠφελούσαις
727 657 780 754 ιὴν
810 656 905 734 πόλιν
926 654 1040 748 μόναις
1066 662 1128 734 aas.
1163 663 1203 732 In
1235 688 1280 734 vs.
1311 661 1378 731 614

243 785 415 866 suspectam
440 781 536 846 habeo
559 783 687 847 formam
710 781 882 872 σεληναίας
912 805 968 868 pro
999 775 1142 874 σελήνης.
1177 784 1262 850 Num
1298 786 1378 850 forte

243 894 318 982 φῶς
340 895 551 984 σεληναῖον
570 887 666 964 καλὸν
688 898 883 964 scribendum
903 899 969 964 est?
992 898 1047 964 Vs.
1073 901 1134 965 721
1162 902 1231 966 vide
1254 925 1292 966 an
1327 923 1378 966 ac-

242 1009 397 1092 quiescere
419 1013 519 1098 possis
543 1013 575 1078 iu
604 1013 847 1080 Scholiastarum
871 1015 1124 1101 interpretatione
1159 1017 1377 1084 vocabulorum

242 1127 429 1212 φρουρᾶς
449 1120 545 1212 ᾄδων.
569 1129 624 1193 Sin
650 1131 767 1209 minus,
798 1131 928 1196 fortasse
960 1131 1016 1196 tibi
1041 1132 1188 1198 arridebit
1209 1155 1272 1198 mea
1304 1155 1379 1198 con·

241 1236 361 1304 iectura
384 1267 436 1333 φρ
448 1233 572 1320 σίδας
592 1242 686 1332 ᾄδων.
709 1247 831 1312 Curtius
856 1254 902 1312 est
915 1271 958 1314 vs.
972 1249 1036 1314 745
1050 1250 1257 1336 reponendum
1275 1271 1355 1314 esse:

646 1403 728 1502 κᾷτα
747 1407 804 1504 την
824 1405 950 1504 γνυίμην
970 1405 1070 1481 πάλιν

447 1520 575 1612 κίνησον
596 1513 696 1602 αὖθις
718 1515 765 1592 αὖ
785 1549 827 1592 τε
849 1525 902 1592 καὶ
924 1517 1150 1617 ζυγώθρισον,

241 1703 294 1770 ubi
322 1705 437 1796 legitur
461 1705 567 1784 αι’νὸ.
592 1714 649 1782 Vs.
675 1718 760 1782 1127
785 1717 865 1793 erit,
900 1718 954 1802 qui
990 1740 1109 1784 mecum
1132 1717 1298 1804 praeferat:
1323 1713 1380 1787 aiio

240 1811 326 1910 γοίμη
349 1817 424 1890 ποτ’
443 1819 601 1919 ηιίσόςῆ
627 1830 692 1895 ταῖν
721 1831 876 1918 ξυγγενῶν
908 1855 968 1908 εις
997 1825 1018 1921 ἢ
1049 1832 1165 1922 φίλων.
1198 1834 1254 1902 Vs.
1292 1837 1377 1902 1169

240 1957 437 2004 numerorum
461 1945 540 2007 ratio
568 1947 693 2020 suadet,
728 1953 763 2010 ut
795 1946 895 2011 deleto
917 1949 1190 2034 interpretamento
1222 1947 1278 2019 adv
1308 1941 1378 2018 υἱόν

240 2055 442 2121 rescribatur:
455 2049 558 2126 ίίιιιθί
569 2070 645 2143 (νυν)
667 2051 784 2143 λαβοίν.
809 2061 1033 2127 Difficultatem
1045 2065 1286 2150 grammaticam,
1301 2087 1379 2152 quae

239 2172 351 2254 premit
377 2173 564 2240 Vnsrauun
589 2198 631 2240 vs,
657 2178 744 2254 126,
768 2177 859 2242 facile
881 2179 1052 2246 removebis
1077 2181 1261 2246 scribendo:

395 2355 546 2424 ἐντεῦθεν
569 2347 649 2444 (οὖν)
672 2353 690 2427 ὁ
710 2360 778 2444 μὲν
800 2354 902 2429 οὐκέτ’
922 2355 1019 2430 odada
1040 2363 1221 2456 ἐξέφηει,

397 2463 415 2537 ὁ
436 2462 466 2536 a‘
487 2469 705 2562 εξεοιομειε.

241 2646 378 2734 Vulgata
397 2645 662 2738 ἐξεφηείομον
682 2647 774 2738 (quae
796 2653 894 2718 forma
916 2659 962 2718 est
984 2653 1089 2740 nihili)
1107 2655 1257 2740 originem
1270 2654 1379 2722 debere

239 2765 361 2830 videtur
373 2762 550 2828 huiusmodi
560 2768 730 2852 scripturae
741 2767 909 2832 :dezeridan
930 2757 987 2832 cdv
1002 2759 1105 2834 οὐκέτ’
1116 2760 1213 2834 adada
1233 2765 1377 2857 ἐξέγρει,

239 2880 406 2966 adscriptis
432 2880 466 2942 in
490 2882 628 2966 margine
651 2903 743 2966 prope
768 2882 949 2947 vocabulum
971 2876 1105 2970 ἐξέφυσε
1127 2882 1247 2946 voculis
1272 2875 1289 2946 ὁ
1311 2883 1378 2970 μέν,

133 3022 136 3028 ·
239 3017 317 3080 quae
328 2995 473 3060 librarius
485 3018 585 3060 errore
597 2998 750 3062 omiserat.
764 2998 826 3069 Qui
840 3020 939 3076 error,
952 3002 987 3061 ut
1002 2997 1084 3062 vides
1097 3047 1104 3076 ‚
1119 3021 1233 3062 novum
1247 3021 1378 3064 errorem

239 3112 365 3197 peperit.
400 3112 568 3198 Postquam
593 3114 673 3178 enim
694 3107 711 3180 ὁ
733 3112 793 3198 μὲν
813 3114 893 3178 mala
916 3137 986 3178 cum
1010 3112 1143 3203 ἐξέφρει
1164 3115 1335 3195 coaluerat,
1362 3139 1378 3180 a

239 3233 426 3306 correctore,
449 3229 577 3314 opinor,
601 3229 728 3315 expulsa
749 3236 795 3294 est
820 3230 929 3294 vocula
955 3217 1024 3310 οὖν,
1047 3229 1160 3314 quippe
1183 3252 1260 3315 quae
1280 3238 1377 3296 metro

239 3343 460 3412 adversaretur.
490 3344 605 3408 Facilis
635 3367 757 3430 quoque
781 3347 932 3410 medicina
955 3352 1061 3432 parata
1085 3352 1131 3411 est
1147 3368 1191 3410 vs.
1215 3347 1299 3422 470,
1323 3348 1377 3430 qui

238 3460 284 3523 sic
320 3461 533 3546 corrigendus,
565 3467 601 3526 ut
623 3460 764 3548 legatur:
788 3454 861 3524 ἐσθ’
888 3452 981 3534 ὅπως
1012 3454 1058 3526 ίίν
1091 3459 1131 3526 ἐκ
1168 3463 1235 3550 (pro
1269 3451 1376 3545 ἄνευ)

238 3562 345 3661 μοίχης
367 3571 459 3648 -ἐς
486 3565 603 3658 λόγους
631 3571 838 3656 ἔλθοιμεν,
864 3573 901 3638 ol.
926 3599 968 3640 vs.
994 3575 1075 3640 866:
1100 3569 1149 3643 ὅτι
1168 3573 1320 3662 γενναίως
1341 3571 1379 3638 ἐκ

238 3686 297 3752 τοῦ
319 3683 465 3767 πολέμου
488 3685 542 3750 καί
563 3688 622 3751 τοῦ
640 3686 763 3761 νείκους
783 3683 963 3778 ξυνεβήιην,
987 3691 1043 3758 Vs.
1072 3693 1132 3758 161
1158 3691 1260 3756 Pucrs
1280 3689 1377 3774 scrip-

240 3801 347 3865 serim:
370 3792 493 3888 ὀρθήν
513 3799 581 3888 (pro
594 3791 712 3887 ὀρθὸς)
730 3790 830 3886 χώρει
851 3795 932 3878 Διὸς
955 3803 1004 3880 εἰς
1025 3798 1145 3888 ου’λοίς,
1160 3805 1197 3870 σί.
1209 3809 1270 3871 Av.
1285 3827 1326 3868 vs.
1344 3805 1377 3866 l:

240 3907 365 4004 ὀρθήν
385 3904 527 3989 κελειίεις
548 3913 641 3998 (ἰέναι
663 3914 746 4000 scil.)
770 3921 800 3978 et
823 3915 937 3982 ibidem
963 3945 1005 3985 vs.
1032 3922 1111 3987 165:
1136 3912 1273 3993 οίνιολεῖς
1293 3910 1369 3983 σίνισ-

238 4031 322 4110 λεῖς,
344 4031 458 4096 omisso
481 4031 671 4116 pronomine.
703 4030 757 4094 Vs.
792 4035 854 4096 193
880 4041 1045 4102 contextus
1074 4040 1125 4104 vix
1153 4038 1270 4124 patitur
1294 4035 1378 4108 πῶς

239 4135 379 4234 ἦλθες,
413 4168 507 4231 quare
537 4146 608 4212 vide
636 4169 673 4210 an
704 4148 783 4211 forte
807 4147 901 4214 lateat
923 4138 974 4224 οίς
994 4143 1072 4240 ἡδέ’
1094 4145 1149 4231 (τοί
1169 4149 1248 4237 uodo
1271 4148 1375 4233 scil.)?

239 4247 295 4310 VS·
320 4265 381 4327 197
408 4263 516 4349 utique
538 4264 819 4350 transponendum:
840 4265 983 4353 φροῦδοι
1010 4259 1071 4355 γάρ
1103 4264 1227 4343 εἰσιν,
1261 4260 1379 4344 ἐχθὲς

239 4373 455 4460 ἐξῳκισμένοι.
488 4378 543 4445 Vs.
580 4383 643 4446 300
679 4381 837 4466 suspicor:
871 4379 925 4443 νῦν
952 4372 1014 4468 γαίη
1046 4375 1120 4468 ἡμῖν
1149 4367 1196 4444 σί
1226 4364 1379 4443 σπάσαι
