2964 5160
820 440 884 501 182

293 611 399 675 barum
419 611 593 677 erroribus:
617 618 653 678 ut
674 611 768 677 verbo
785 611 900 690 dicam,
923 612 1053 677 abiectis
1065 611 1207 678 omuibus
1224 613 1312 692 istis,
1340 630 1408 697 quae

289 727 426 812 ignorari
458 749 548 811 quam
573 729 646 792 sciri
673 728 785 794 utilius
812 749 878 792 essa
898 729 964 792 iure
991 726 1114 792 dixeris.
1148 729 1182 792 Si
1217 729 1288 813 quis
1318 736 1409 795 autem

289 848 392 925 postea
416 842 572 907 Pollucem
592 845 730 908 editurus
762 844 937 909 accuratius
967 840 1027 906 hoc
1053 844 1259 930 fragmentum
1288 844 1410 910 Ambro-

288 959 407 1022 sianum
439 978 618 1044 pernoscere
652 961 883 1046 concupiverit,
921 957 1029 1023 lubens
1053 959 1080 1023 ei
1110 959 1262 1046 integram
1285 963 1410 1048 scriptu·

287 1094 388 1137 rarum
413 1073 651 1160 discrepantiam
672 1076 790 1162 petenti
811 1074 985 1140 concedam.

335 1303 367 1388 3)
395 1305 547 1389 Superant
576 1305 651 1370 folia
687 1307 728 1372 38
749 1313 780 1371 et
804 1328 874 1394 pars
898 1307 1026 1372 dimidia
1048 1310 1177 1395 paginae
1200 1309 1312 1384 unius,
1345 1333 1413 1395 quac

288 1419 464 1484 continent:
490 1415 721 1505 corrompant
739 1421 799 1508 τῆς
818 1419 999 1510 ἐξαημέρου
1020 1413 1254 1510 ἀνεπίγραφον.
1276 1425 1330 1489 Sic
1342 1425 1412 1490 enin

213 1535 215 1538 ’
289 1534 471 1599 inscribitur
494 1536 627 1607 historio
644 1534 792 1619 quaedam
813 1537 993 1613 naturalia,
1016 1557 1092 1621 opus
1105 1537 1298 1603 condituma
1315 1539 1413 1605 Ohris·

287 1651 373 1713 tiano
384 1650 515 1733 quodam
529 1649 653 1713 homine
662 1647 887 1736 (Epiphaniol)
900 1672 935 1714 eo
947 1650 1087 1726 consilio,
1101 1657 1135 1714 ut
1147 1652 1346 1719 traditionem
1355 1655 1411 1719 He-

288 1764 421 1828 braioam
440 1765 473 1827 in
491 1765 642 1829 Genesios
661 1765 816 1851 principio
832 1763 870 1828 de
885 1765 1090 1835 fabricatione
1111 1767 1220 1830 ‘mundi
1239 1767 1412 1835 illustraret.

290 1880 443 1965 Deinceps
467 1887 567 1944 autem
588 1882 653 1966 agit
677 1880 713 1944 de
730 1878 947 1967 phoenomenis,
972 1881 1009 1944 de
1021 1881 1150 1968 plantis,
1174 1881 1212 1946 de
1227 1884 1413 1949 animalibus.

286 1995 435 2058 Initium:
462 1986 593 2082 Κλήμης
609 1993 668 2076 μὲν
685 1981 741 2058 οὖν
761 1990 814 2058 καὶ
833 1985 1035 2082 Ἀφρικανός.
1056 1997 1160 2060 Finis:
1178 1995 1414 2081 ἑστοχασμένως

285 2105 464 2188 βλέποντος
486 2109 629 2172 εἴσεισιν.
651 2107 741 2178 Quod
767 2107 965 2192 opusculum,
989 2111 1015 2174 si
1039 2112 1117 2177 forte
1140 2112 1275 2177 nondum
1306 2113 1413 2178 aditum

288 2225 355 2297 est,
379 2222 496 2306 publici
520 2223 597 2287 iuris
622 2245 678 2308 ego
701 2224 839 2288 facturus
859 2245 935 2288 sum.
1035 2277 1037 2289 .

333 2339 373 2403 In
398 2338 670 2425 antiquoindice,
706 2339 759 2423 qui
794 2337 934 2426 ligamini
959 2340 1120 2421 adhaeret,
1146 2365 1237 2407 mauu
1257 2343 1351 2429 primi
1373 2341 1413 2406 bi·
1471 2319 1472 2326 i

289 2452 484 2518 bliothecarii
510 2454 605 2518 codex
630 2454 679 2519 hia
702 2453 803 2520 verbis
825 2454 1030 2520 describitur:
1056 2459 1156 2524 Codro
1171 2459 1308 2544 optimae
1331 2469 1412 2522 notor

191 2641 192 2644 Ἴ
287 2572 436 2634 renuentia
459 2573 568 2635 abhinc
591 2573 683 2634 annia
705 2573 849 2654 scriptus,
879 2573 1007 2637 Tarenti
1029 2585 1143 2658 emptus
1170 2598 1197 2638 n.
1222 2575 1322 2639 1606.

332 2684 468 2772 Paginae
503 2687 644 2772 singulae
677 2685 792 2751 habent
823 2708 927 2752 versus
959 2693 1018 2765 21,
1045 2688 1203 2754 literarum
1235 2710 1364 2754 numero
1384 2688 1410 2750 in

288 2801 421 2888 singulis
446 2802 582 2866 versibus
603 2803 739 2866 variante
761 2803 842 2866 inter
864 2807 905 2866 23
927 2810 957 2869 et
982 2809 1033 2868 27.
