2990 5156
816 420 857 479 58

317 583 436 648 Polluo.
472 587 531 649 On.
566 585 635 664 IX,
669 590 709 652 75
742 577 826 671 τάχα
848 580 877 654 δ’
905 579 944 652 tv
965 587 1015 674 εἴη
1038 579 1133 677 κόρη,
1156 581 1202 664 ῶς
1222 581 1403 677 Εὐριπίδης
1430 615 1433 624 ’

271 690 419 781 ῶνόμασε
446 689 605 786 πάρθενον
625 697 658 766 ἐν
679 699 842 789 Σκίρωνι
868 698 968 786 λέγων
998 699 1078 789 περί
1107 702 1169 766 τῶν
1193 698 1226 766 ἐν
1247 699 1403 788 Κορίνθῳ

272 805 487 897 ἑταιρουσῶν·

467 920 521 986 καί
541 918 602 998 τάς
622 920 680 1006 μὲν
700 914 788 1003 άξει,
811 922 920 990 πῶλον
941 913 979 1009 ἢν
1002 922 1102 1007 διδῷς
1123 923 1192 1006 ἕνα,

467 1025 526 1108 τάς
548 1031 585 1098 δὲ
605 1026 765 1123 ξονωρίῶ,
789 1035 824 1101 αἱ
845 1033 883 1100 δὲ
901 1032 996 1100 κάπί
1017 1027 1185 1126 τεσσάρων

469 1148 629 1234 φοιτῶσιν
647 1144 760 1213 ἵππων
780 1139 947 1236 α’ργυρῶν·
969 1148 1104 1236 φιλοῦσι
1124 1146 1162 1214 δὲ

467 1249 531 1322 τάν
553 1255 586 1336 ἐξ
607 1249 760 1344 Ἀθηνῶν,
782 1258 964 1350 παρθένους
985 1253 1063 1326 ὅταν
1084 1259 1173 1350 φέρῃ

470 1362 596 1444 πολλάς
615 1406 656 1420 -

316 1480 371 1545 Vs.
396 1484 415 1544 2
440 1489 505 1546 erat
526 1504 621 1567 quum
646 1489 783 1570 putarem
815 1506 870 1570 pro
898 1473 995 1548 κάπί
1016 1473 1185 1571 τεσσάρων
1205 1479 1269 1549 κτὲ.
1292 1486 1403 1549 rescri-

271 1595 405 1660 bendum
434 1619 500 1660 esse
520 1587 608 1660 κάντὶ
629 1587 797 1685 τεσσάρων
817 1596 871 1662 xci
893 1599 914 1662 i.
938 1619 961 1662 e.
985 1605 1117 1682 quotuor
1139 1599 1226 1684 τριῶν
1249 1603 1407 1683 ονρεοίῶο
1485 1655 1486 1662 ,

272 1714 389 1796 copiam
400 1712 595 1798 roifooinot.
608 1714 651 1774 At
667 1711 805 1790 fallebar,
824 1735 897 1778 nam
907 1713 943 1778 de
955 1713 1110 1778 industria
1122 1715 1166 1777 ita
1177 1720 1269 1804 poeta
1282 1714 1407 1780 locutus

270 1833 326 1892 eet.
360 1828 472 1892 Verto:
518 1827 604 1891 οίίοε
644 1827 739 1891 etiam
779 1828 929 1914 ρτοιίνίρο
971 1837 1075 1893 νοτίου
1113 1837 1258 1913 ονρωιίιο
1287 1833 1408 1914 copiam

270 1948 322 2008 rui
333 1944 477 2027 faciunt.
501 1943 569 2007 Ioci
594 1941 719 2006 aonieus
742 1946 845 2008 estin
869 1945 936 2030 ipsa
961 1943 1183 2032 -ambiguitate3
1218 1967 1308 2030 quam
1343 1969 1407 2011 rem

270 2081 331 2122 non
348 2057 504 2122 intellexit
521 2058 671 2142 interpres
691 2058 824 2122 Latinus
841 2081 888 2144 ap.
914 2059 1087 2124 Didotium.
1112 2059 1166 2125 Vs.
1190 2064 1211 2126 4
1232 2062 1344 2148 scripsi
1371 2084 1408 2127 ex
1485 2099 1486 2132 1

270 2175 393 2262 egregia
417 2173 526 2238 Cobeti
540 2172 751 2236 emendatione
763 2196 819 2259 pro
835 2173 987 2262 vulgatis:
1010 2167 1081 2250 τάς
1091 2169 1127 2253 ἐξ
1135 2166 1208 2240 Ἀθ.
1221 2198 1256 2242 π.
1266 2170 1295 2242 ὅ.
1306 2174 1407 2264 φέρῃ.

760 2441 913 2456 m

317 2651 402 2718 Stob.
425 2650 501 2720 CV.
527 2649 567 2714 16
590 2638 667 2736 Εάρ.
690 2639 859 2734 Σκάρισιν·

480 2762 550 2828 (De-ri
572 2761 634 2826 τῶν
655 2759 813 2848 βροτείων
833 2750 879 2833 ῶς
901 2749 1065 2839 οἷνῶμοίοι
1086 2751 1199 2843 τάχαι·

477 2871 509 2948 οἱ
528 2873 587 2956 μὲν
606 2862 669 2958 γάρ
692 2860 729 2936 εὖ
748 2861 956 2956 πράσσουσι,
977 2875 1047 2945 τοῖς
1069 2868 1106 2936 δὲ
1127 2871 1298 2960 συμφοραί

477 2983 615 3076 σκληραί
634 2975 784 3071 πάρεισιν
807 2977 993 3065 εὐσεβοῦσιν
1015 2981 1063 3062 είς
1086 2977 1207 3062 θεούς,

316 3100 433 3166 Vereor
452 3101 544 3186 primi
568 3087 606 3164 τά
638 3089 710 3184 ἑξῆς
740 3095 800 3162 hoo
822 3100 887 3163 est:
922 3094 991 3184 φεῦ
1018 3096 1083 3162 τῶν
1103 3093 1263 3186 βροτείων
1283 3099 1408 3182 τυχῶν,

270 3210 317 3294 ῶς
337 3205 503 3299 άιῶμαίοί
522 3209 639 3290 (εἰσιν).
660 3211 733 3284 Qua
755 3233 867 3278 renen
898 3209 1068 3287 intellecto,
1095 3211 1154 3276 viri
1179 3209 1265 3276 docti
1288 3215 1319 3276 et
1344 3213 1408 3276 vir-

270 3328 374 3418 gulam
407 3332 578 3414 posuerunt
609 3331 681 3411 post
709 3327 792 3414 φεῦ,
812 3333 844 3394 et
870 3327 916 3392 ita
939 3348 1060 3394 versem
1087 3327 1282 3413 interpretati
1314 3337 1409 3405 eunt,

270 3445 359 3532 quasi
383 3465 447 3508 non
470 3438 630 3528 βροτείων
650 3440 703 3508 sed
718 3442 852 3529 βροτῶν
866 3441 1025 3530 legeretur.
1048 3443 1088 3506 In
1100 3440 1164 3506 fine
1175 3447 1276 3508 autem
1301 3465 1409 3508 versos

270 3560 442 3628 rectissime
467 3578 519 3646 per
546 3559 786 3637 attractionem,
822 3578 912 3642 quem
946 3561 1079 3634 vocent,
1114 3557 1262 3622 scribitur
1291 3547 1406 3640 τύχοι,

271 3698 335 3746 non
365 3671 480 3758 τυχῶν.
510 3671 574 3744 Qui
598 3673 660 3740 duo
694 3696 802 3742 versus
836 3695 906 3752 eoo,
928 3695 1015 3762 ,qnos
1039 3672 1206 3761 adscripsi,
1228 3673 1407 3760 excipiunt,

271 3788 396 3880 legendi
418 3791 492 3854 sunt
514 3787 547 3856 in
571 3785 655 3854 huno
679 3788 820 3856 modum:

269 3901 319 3969 κεί
340 3903 447 3990 (vulgo
468 3900 535 3977 καί)
557 3891 650 3968 πάντ’
672 3898 815 3992 ἀκριβῶς
837 3894 916 3966 κάπι
940 3900 1128 3996 φροντίδων
1145 3900 1219 3984 βίον
1281 3915 1285 3931 ‘

271 4010 330 4083 σάν
346 4017 395 4101 τῶ
417 4015 525 4104 (vulgo
546 4004 643 4094 οὕτω)
659 4013 773 4098 δικαίῳ
790 4015 898 4104 (vulgo
916 4019 1015 4092 -ως)
1032 4011 1129 4094 ζῶσιν
1146 4003 1300 4104 αἰσχύνης
1315 4005 1406 4100 άτερ.

270 4153 399 4217 quorum
416 4133 546 4218 priorem
570 4151 649 4217 ego,
672 4130 802 4196 alterum
828 4132 983 4198 Gesnerus
1007 4129 1152 4194 correxit.

780 4336 914 4348 .-
