2990 5156
144 529 145 541 ν
238 525 274 578 vr
686 517 920 566 ranunnrm.

238 686 370 751 maxime
404 681 575 750 studiorum
611 703 722 767 genere
760 701 829 744 vera
860 684 896 743 nt
928 675 1093 765 plurimum
1125 698 1180 743 sua
1212 698 1245 742 se
1275 673 1305 741 vi
1337 697 1372 742 ac

239 804 354 868 virtute
390 800 531 887 prodere,
572 798 649 863 falsa
684 802 790 862 contra
824 801 860 859 ut
899 795 953 859 diu
991 815 1046 881 pro
1085 795 1165 859 veris
1202 793 1373 858 habeantur

238 917 333 982 nullis
375 940 509 1002 unquam
554 911 790 1002 argumentandi
837 911 977 976 artificiis
1015 911 1095 976 effici
1139 933 1240 998 possm
1279 931 1373 995 quare

238 1040 344 1122 poetae
374 1032 643 1118 obtemperandum
675 1053 739 1094 esse
769 1029 844 1092 duxi
874 1029 1030 1093 verissime
1060 1028 1211 1091 monenti:
1246 1015 1374 1097 ἁπλοῦς

239 1140 387 1230 ὁμῦθος
408 1150 465 1234 τῆς
487 1138 646 1234 ἀληθείας
667 1141 742 1234 ἔφυ.
777 1145 972 1230 Speraveram
1008 1149 1107 1208 autem
1142 1143 1223 1220 fore,
1254 1142 1371 1206 utiam

239 1262 392 1350 principio
426 1261 499 1324 anni
526 1260 606 1325 LXI
630 1259 682 1324 hic
709 1259 832 1324 libellus
856 1260 1011 1336 ederetur,
1045 1283 1146 1324 verum
1178 1258 1271 1346 longe
1301 1256 1373 1320 diu·

237 1380 302 1443 tius
343 1399 434 1461 quam
473 1376 565 1440 initio
596 1375 782 1440 credideram
819 1375 996 1462 typothetas
1020 1378 1206 1442 Graecorum
1248 1373 1373 1439 charac-

238 1499 336 1559 terum
360 1514 423 1556 non
448 1491 523 1554 satis
542 1513 656 1577 gnaros
680 1514 758 1578 opus
780 1491 924 1558 detinuit.
949 1491 1008 1557 Vel
1033 1493 1078 1556 sic
1101 1499 1203 1558 tamen
1226 1492 1374 1578 impressa

238 1609 312 1673 lolia
331 1609 567 1695 perlustrantem
593 1606 753 1694 aliquanto
776 1609 878 1694 plures
907 1632 954 1673 me
976 1618 1120 1695 typorum
1144 1631 1259 1674 errores
1278 1611 1373 1673 offen-

239 1727 335 1800 dunt,
361 1747 453 1809 quam
486 1745 582 1808 aequo
598 1724 708 1788 'animo
732 1724 843 1810 aliquis
866 1726 953 1790 ferat.
985 1726 1124 1798 Quorum
1147 1748 1280 1790 errorum
1304 1746 1374 1812 gra·

239 1843 379 1906 vissimos
400 1841 432 1904 iu
458 1839 566 1904 ultima
590 1839 663 1936 libri
685 1841 799 1926 pagina
822 1842 1006 1927 significavi.
1022 1842 1060 1905 Id
1082 1865 1174 1905 unum
1190 1840 1372 1906 monendum

239 1957 314 2022 mihi
349 1961 443 2021 restat
474 1957 537 2019 ruri
567 1979 613 2019 me
632 1955 691 2019 hoc
715 1957 897 2042 opusculum
921 1958 1141 2042 composuisse,
1163 1979 1226 2020 non
1249 1956 1372 2041 quidem

237 2075 269 2138 in
283 2095 400 2138 summa
415 2071 563 2136 librorum
587 2072 710 2158 inopia,
732 2073 784 2135 sed
805 2073 845 2137 iis
868 2079 969 2136 tamen
994 2072 1154 2158 praesidiis
1179 2071 1373 2147 destitutum,

237 2211 313 2274 quae
342 2187 484 2274 publicae
518 2186 724 2252 bibliothecae
747 2190 780 2251 in
809 2188 884 2253 urbe
912 2189 1088 2253 viventibus
1116 2186 1258 2251 uberiora
1282 2211 1372 2273 quam

236 2309 401 2391 suppetant
423 2304 648 2368 rusticantibus
677 2303 795 2368 soleant
828 2306 944 2368 offerre.
987 2303 1066 2368 Inde
1098 2302 1164 2366 fieri
1199 2326 1288 2389 posse
1310 2327 1372 2369 non

236 2443 332 2508 nego,
356 2426 391 2485 ut
414 2421 495 2484 inter
519 2441 603 2483 meas
631 2419 858 2484 emendationes
882 2420 1091 2506 reperiantur,
1119 2443 1196 2509 quae
1218 2422 1279 2485 iarn
1303 2421 1372 2486 aliis

237 2542 308 2601 anto
332 2558 379 2600 me
399 2537 498 2600 facere
522 2535 700 2622 contigerit.
723 2535 866 2608 Quorum
889 2537 1085 2601 inventorum
1110 2536 1238 2615 laudem,
1262 2538 1288 2602 si
1313 2559 1373 2622 qua

141 2657 142 2662 ’
236 2658 297 2730 eat,
321 2652 473 2738 integram
509 2652 673 2716 concedam
698 2652 756 2728 iis,
791 2653 844 2736 qui
877 2675 925 2716 me
948 2653 1063 2737 priores
1098 2674 1161 2716 earn
1198 2653 1374 2718 meruerint.

238 2769 308 2833 Hoc
319 2769 522 2844 reticuissem,
547 2768 579 2831 ni
606 2769 723 2853 ineptis
746 2769 821 2831 furti
843 2767 973 2831 literarii
996 2768 1266 2833 criminationibus
1291 2771 1373 2834 viros

237 2906 283 2948 me
306 2883 399 2968 longe
412 2883 565 2947 doctiores
587 2888 618 2947 et
635 2883 787 2946 acutiores
810 2904 898 2966 saepe
917 2881 954 2946 ab
974 2882 1043 2947 aliis
1066 2882 1261 2948 obtrectandi
1282 2908 1373 2950 causa

235 2998 350 3084 petitos
373 3020 439 3062 csse
466 3003 497 3061 et
536 2999 713 3062 etiamnunc
735 2999 799 3084 peti
824 2998 1105 3064 animadverterem.
1130 3001 1239 3087 Longe
1259 3004 1373 3089 magis,

235 3118 270 3177 ut
293 3135 397 3178 verum
420 3114 533 3190 fatear,
565 3135 612 3178 me
635 3116 773 3198 poenitet
796 3136 898 3179 earum
923 3114 1190 3193 observationum,
1223 3140 1299 3201 quas
1319 3123 1373 3182 aut

235 3228 327 3292 falsas
362 3231 427 3294 esse
457 3234 510 3294 aut
546 3231 607 3294 veri
644 3229 862 3294 dissimiliores
886 3253 933 3294 me
965 3230 1128 3295 docuerint
1159 3228 1193 3296 αἱ
1222 3221 1374 3318 δεύτεραι

236 3341 421 3430 φροντίδες.
444 3347 483 3410 In
506 3368 636 3430 quarum
659 3345 762 3410 locum
783 3346 953 3411 succedant
973 3347 1200 3411 emendationes
1223 3346 1370 3431 quaedam

235 3457 365 3522 retectae
395 3461 426 3524 in
462 3461 718 3549 Aristophanem,
757 3485 834 3548 quas
869 3463 901 3526 in
937 3463 1155 3547 praefationem
1190 3462 1371 3527 includendi

236 3573 354 3637 veniam
380 3575 434 3640 abs
457 3582 503 3653 te,
528 3579 644 3664 optime
672 3578 787 3654 lector,
813 3579 954 3663 quamvis
976 3600 1057 3643 novo
1080 3580 1209 3643 fortasse
1233 3577 1372 3663 exemplo

237 3687 312 3752 mihi
325 3713 451 3756 sumam.
474 3693 518 3758 Ut
540 3693 664 3759 chartae
687 3717 820 3782 parcam,
844 3716 925 3758 more
949 3717 1015 3758 meo
1039 3695 1140 3760 verbis
1158 3701 1227 3758 utar
1250 3696 1374 3782 paucis·

235 3805 332 3870 simia.
360 3809 515 3876 Aonaau.
535 3834 579 3876 vs.
608 3815 670 3876 176
698 3811 828 3876 absurda
852 3818 898 3877 est
918 3811 1100 3897 Amphithei
1125 3812 1241 3875 oratio:
1272 3801 1371 3896 μήπω

235 3932 271 3996 γε
281 3909 360 3997 πρὶν
370 3905 408 3978 ἂν
430 3913 507 3986 ieci
527 3914 661 4004 τρέχων.
678 3919 796 4004 Esqq.:
821 3917 873 3981 δεῖ
881 3911 943 4005 γαρ
957 3915 1020 3981 art.
1033 3923 1157 4003 apparet
1169 3918 1372 4004 Aristophani

235 4027 422 4093 reddendum
437 4052 514 4094 asse:
525 4030 604 4119 πρὶν
618 4023 656 4098 ἄν
676 4033 800 4097 σωθῶ
821 4028 951 4119 τρέχων.
968 4033 1066 4097 Codd.
1083 4034 1140 4111 eu.
1157 4034 1238 4099 Ibid.
1250 4058 1293 4098 vs.
1308 4038 1371 4098 193

236 4144 391 4229 suspicor:
408 4145 579 4234 διατριβῆς
598 4145 661 4210 καὶ
682 4136 881 4231 ξαλλὸγων
902 4169 957 4233 pro
979 4147 1055 4212 τῶν
1075 4139 1306 4232 §opprimam
1328 4171 1371 4216 vs.

237 4259 301 4324 505
335 4251 430 4342 κου’χί
460 4281 515 4345 pro
547 4250 677 4341 rodmun-
708 4284 752 4324 vs.
773 4263 837 4326 571
861 4284 892 4325 τι
921 4251 1044 4335 ἀνύσας
1073 4285 1128 4348 pro
1161 4282 1212 4336 τις
1240 4252 1372 4338 α’νὺσας.

236 4374 275 4440 Ib
303 4397 346 4440 vs.
369 4381 434 4442 988
459 4400 474 4442 e
498 4377 604 4442 codice
626 4378 817 4455 Ravennati,
853 4400 941 4463 quem
962 4379 1027 4464 ipse
1044 4377 1145 4444 denuo
1165 4377 1305 4454 excussi,
1325 4377 1372 4442 sic
