2990 5156
606 457 646 521 61

71 627 118 696 aia
144 629 266 719 δίφρον
297 619 437 694 ἐλαύνειν
474 623 519 718 μή
548 623 670 713 μαθών.
708 633 809 712 Hinc,
840 633 990 720 probante
1022 633 1196 722 Wagnero,

72 745 121 810 hos
145 745 282 811 senarios
303 744 412 810 elicuit
436 744 651 832 Mnsgravins:

569 852 613 947 μή
635 859 728 947 θίγῃς
747 847 803 926 οὖν
824 851 919 949 ἡνιῶν

270 961 409 1058 ἄπειρος
430 961 484 1050 τόν,
506 958 533 1034 ὦ
553 969 693 1053 παιδίον,
709 963 786 1060 μηδ’
804 971 837 1048 ἐς
857 971 978 1062 δίφρον

270 1072 409 1170 όναβῇς,
430 1073 571 1148 ἐλαύνειν
594 1078 640 1172 μή
661 1076 789 1166 μαθών.

109 1197 150 1259 At
172 1194 321 1280 quantilli
345 1204 410 1262 erat
433 1195 549 1263 laboris
572 1199 736 1264 restituere
759 1219 901 1264 numeros
925 1198 1075 1264 creticos!

216 1305 262 1396 μή
278 1307 371 1397 θίγῃς
388 1301 493 1397 ἡνιῶν,
516 1310 658 1392 παιδίον,
679 1302 818 1401 ἄπειρος
835 1303 881 1378 τόν

218 1413 265 1508 μή
286 1413 395 1509 ’ναβῇς
413 1415 470 1488 τόν
491 1420 611 1511 δίφρον
630 1413 717 1490 τόνδ’
737 1423 809 1490 ἐλᾶν
828 1415 874 1513 μή
894 1413 1022 1508 μαθών.

72 1533 234 1619 inquibus
259 1534 304 1599 nil
328 1543 390 1613 est,
412 1537 496 1621 quod
520 1539 629 1602 merito
653 1538 768 1624 culpes.

109 2010 253 2076 Alterum
284 2013 492 2078 Phaethontia
514 2015 618 2102 fragm.
644 2015 676 2079 in
700 2014 770 2080 cod.
801 2014 946 2080 'Parisino
970 2017 1031 2081 101
1057 2013 1197 2080 101163

74 2126 113 2189 sic
134 2128 264 2214 incipit:

273 2233 379 2328 πυρός
400 2233 429 2306 τ’
451 2233 566 2331 Ἐρινῦς
587 2241 619 2309 ἐν
638 2247 796 2332 νεκροῖο
819 2234 976 2331 θερήτον

275 2349 352 2432 ξοδδ
371 2345 423 2441 ἥδ’
443 2345 547 2442 οἷνίησ’
566 2346 668 2437 ἆτμόν
688 2355 862 2444 ἐμφανῆ...

75 2461 168 2530 Verba
193 2474 322 2554 corrupt
323 2468 446 2547 issima3
470 2491 527 2534 nee
552 2468 588 2533 de
612 2470 730 2535 codicis
753 2469 887 2535 lectione
909 2489 1034 2555 prorsus
1059 2473 1195 2534 constat.

74 2599 135 2643 nam
161 2581 300 2647 Haasius
320 2605 363 2648 vs.
393 2583 521 2670 llegit.
543 2585 1008 2687 ΕΝΝΕΚΡΟΙΣΘΕΡΗΙΟΙῨ,
1037 2583 1198 2648 Bekkerus

75 2697 100 2756 F
98 2699 129 2758 ⁷t
128 2701 321 2762 NEKPOI
301 2699 476 2763 1ΘΕΡΗΝ
480 2701 563 2763 ΥΑΙ
580 2695 683 2761 Verba
694 2702 769 2762 sunt
779 2668 941 2781 Clymenes
953 2697 991 2761 de
1006 2697 1103 2762 Phaet
1104 2697 1199 2763 hante

76 2805 142 2884 filio,
165 2811 283 2874 anve
289 2811 439 2894 ‚tfumo'ne
456 2813 524 2878 icto.
555 2813 602 2877 01.
627 2835 670 2877 vs.
693 2817 755 2890 68,
788 2811 842 2876 ubi
870 2810 992 2878 (thorus
1016 2815 1061 2878 sio
1097 2815 1197 2879 canit:

75 2912 185 3004 ὀτοτοῖ,
209 2914 412 3012 κεραύνιοί
427 2917 456 2990 τ’
471 2923 504 2991 ἐκ
519 2919 784 3014 Διόςπυρίβολοι
795 2923 916 3011 πλαγαὶ
929 2925 1025 3010 λέχεα
1042 2917 1199 2993 θ’Ἀλίοο.

76 3033 173 3106 Quare
183 3037 326 3123 suspicor
337 3037 432 3104 latere
452 3040 486 3104 in
504 3040 622 3106 codici·
640 3040 794 3126 scriptura
813 3041 1201 3104 ΕΝΝΕΚΡΩΙΚΕΡΑΥ-

77 3149 191 3234 ΝΙΟΥ;
215 3153 322 3238 itaque
345 3155 540 3242 scripserim:

276 3257 384 3353 πυρός
404 3259 432 3332 τ’
453 3261 567 3357 Eponae
587 3268 619 3334 ἐν
640 3268 761 3357 νεκρῷ
780 3263 990 3355 κεραυνίου

279 3371 357 3458 ζιόσ’
379 3373 520 3470 §tonino
542 3373 644 3466 οέτμόν
666 3379 858 3469 ἐμφανῆ...

117 3489 260 3556 Aliorum
283 3496 476 3580 suspiciones
500 3496 569 3562 vide
593 3519 639 3582 ap.
662 3495 779 3584 Wagn.
803 3493 909 3581 (775).

118 3602 164 3671 Ib.
188 3630 233 3672 vs
259 3611 317 3674 ll:

266 3710 303 3788 Ὠ
322 3721 534 3812 καλλιφεγγὲς
547 3715 630 3794 ‘Hit’
652 3716 698 3798 atr
717 3713 751 3805 μ’
766 3711 940 3797 cinnii-enac

269 3832 324 3898 καὶ
344 3825 439 3901 τόνδ’.
460 3826 626 3902 Ἀπόλλων
646 3826 676 3899 δ’
695 3834 727 3900 ἐν
745 3836 879 3923 βροτοῖς
896 3826 1004 3924 ὀρθῶς
1021 3831 1124 3912 καλεῖ,

271 3937 341 4020 όςις
359 3941 401 4011 τοὶ
422 3938 548 4034 σιγῶντ’
567 3938 697 4032 ὀνόματ’
716 3938 786 4014 οἶδε
805 3936 973 4031 δαιμόνων,

132 4059 196 4123 (iod
243 4082 288 4124 vs.
328 4063 356 4126 2.
401 4058 1205 4128 ΑΠΟΛΛΩΝΔΕΝΒΡΟΤΟΙΣΟΡΘΟΣΚΑΛΕΙ.

84 4284 270 4377 Wagnerus:
303 4279 449 4354 Ἀπόλλω
477 4277 506 4353 δ’
531 4283 563 4352 ἐν
586 4281 657 4366 nai,
689 4291 721 4351 et
747 4285 912 4350 Nanokiua
932 4273 1080 4349 Ἀπόλλω
1106 4274 1137 4346 o‘
1158 4279 1206 4363 τ’ν,·

84 4403 173 4472 forma
203 4408 283 4473 enim
318 4393 463 4468 Ἀπόλλω
493 4426 546 4490 pro
576 4392 764 4470 Ἀπόλλωνα
793 4400 1023 4485 antiquioribus
1052 4419 1113 4461 non
1145 4395 1206 4460 fuit
