<?xml version="1.0" encoding="UTF-8"?>
<!DOCTYPE html PUBLIC "-//W3C//DTD XHTML 1.0 Transitional//EN"
    "http://www.w3.org/TR/xhtml1/DTD/xhtml1-transitional.dtd">
<html xmlns="http://www.w3.org/1999/xhtml" xml:lang="en" lang="en">
 <head>
  <title>
</title>
<meta http-equiv="Content-Type" content="text/html;charset=utf-8" />
  <meta name='ocr-system' content='tesseract 3.04.00' />
  <meta name='ocr-capabilities' content='ocr_page ocr_carea ocr_par ocr_line ocrx_word'/>
</head>
<body>
  <div class='ocr_page' id='page_1' title='image "./exercitationesc01herwgoog_0072.png"; bbox 0 0 2990 5156; ppageno 0'>
   <div class='ocr_carea' id='block_1_1' title="bbox 621 461 662 525">
    <p class='ocr_par' dir='ltr' id='par_1_1' title="bbox 621 461 662 525">
     <span class='ocr_line' id='line_1_1' title="bbox 621 461 662 525; baseline 0 0"><span class='ocrx_word' id='word_1_1' title='bbox 621 461 662 525; x_wconf 81' lang='lat'>51</span> 
     </span>
    </p>
   </div>
   <div class='ocr_carea' id='block_1_2' title="bbox 93 629 1212 832">
    <p class='ocr_par' dir='ltr' id='par_1_2' title="bbox 93 629 1212 832">
     <span class='ocr_line' id='line_1_2' title="bbox 130 629 1212 722; baseline 0.003 -26"><span class='ocrx_word' id='word_1_2' title='bbox 130 633 229 696; x_wconf 82' lang='lat' dir='ltr'>Notus</span> <span class='ocrx_word' id='word_1_3' title='bbox 262 635 308 697; x_wconf 77' lang='lat' dir='ltr'>est</span> <span class='ocrx_word' id='word_1_4' title='bbox 338 653 411 698; x_wconf 79' lang='lat' dir='ltr'>uuus</span> <span class='ocrx_word' id='word_1_5' title='bbox 439 633 522 698; x_wconf 81' lang='lat' dir='ltr'>verbi</span> <span class='ocrx_word' id='word_1_6' title='bbox 547 629 726 721; x_wconf 78' lang='grc' dir='ltr'><em>φέρεσθαι,</em></span> <span class='ocrx_word' id='word_1_7' title='bbox 758 636 810 701; x_wconf 92' lang='lat' dir='ltr'>ubi</span> <span class='ocrx_word' id='word_1_8' title='bbox 843 634 923 701; x_wconf 85' lang='lat' dir='ltr'>celer</span> <span class='ocrx_word' id='word_1_9' title='bbox 952 635 1084 720; x_wconf 78' lang='lat' dir='ltr'>impetus</span> <span class='ocrx_word' id='word_1_10' title='bbox 1114 635 1212 722; x_wconf 84' lang='lat' dir='ltr'>sigui·</span> 
     </span>
     <span class='ocr_line' id='line_1_3' title="bbox 93 747 1145 832; baseline 0.003 -22"><span class='ocrx_word' id='word_1_11' title='bbox 93 747 220 812; x_wconf 84' lang='lat' dir='ltr'>fioandus</span> <span class='ocrx_word' id='word_1_12' title='bbox 244 752 299 812; x_wconf 75' lang='lat' dir='ltr'>est.</span> <span class='ocrx_word' id='word_1_13' title='bbox 325 750 349 832; x_wconf 86' lang='lat'>1)</span> <span class='ocrx_word' id='word_1_14' title='bbox 1143 759 1145 764; x_wconf 88' lang='lat'>&#39;</span> 
     </span>
    </p>
   </div>
   <div class='ocr_carea' id='block_1_3' title="bbox 90 959 1220 2986">
    <p class='ocr_par' dir='ltr' id='par_1_3' title="bbox 130 959 1066 1392">
     <span class='ocr_line' id='line_1_4' title="bbox 130 959 858 1058; baseline 0.003 -28"><span class='ocrx_word' id='word_1_15' title='bbox 130 966 212 1032; x_wconf 82' lang='lat' dir='ltr'>stob.</span> <span class='ocrx_word' id='word_1_16' title='bbox 235 966 465 1032; x_wconf 87' lang='lat' dir='ltr'>LXXXVIII:</span> <span class='ocrx_word' id='word_1_17' title='bbox 489 971 539 1033; x_wconf 89' lang='lat'>10.</span> <span class='ocrx_word' id='word_1_18' title='bbox 562 959 743 1058; x_wconf 72' lang='grc' dir='ltr'><strong><em>Εὐριπίδου</em></strong></span> <span class='ocrx_word' id='word_1_19' title='bbox 763 959 858 1032; x_wconf 77' lang='grc' dir='ltr'><em>λνοῖ.</em></span> 
     </span>
     <span class='ocr_line' id='line_1_5' title="bbox 286 1069 987 1170; baseline -0.001 -25"><span class='ocrx_word' id='word_1_20' title='bbox 286 1073 341 1169; x_wconf 75' lang='grc' dir='ltr'><em>τήν</em></span> <span class='ocrx_word' id='word_1_21' title='bbox 363 1071 535 1166; x_wconf 81' lang='grc' dir='ltr'><em>εὐγένειαν,</em></span> <span class='ocrx_word' id='word_1_22' title='bbox 557 1073 614 1145; x_wconf 85' lang='grc' dir='ltr'><em>κάν</em></span> <span class='ocrx_word' id='word_1_23' title='bbox 635 1077 788 1170; x_wconf 80' lang='grc' dir='ltr'><em>ἄμορφος</em></span> <span class='ocrx_word' id='word_1_24' title='bbox 809 1069 830 1166; x_wconf 84' lang='grc' dir='ltr'><em>ᾗ</em></span> <span class='ocrx_word' id='word_1_25' title='bbox 852 1070 987 1164; x_wconf 85' lang='grc' dir='ltr'><em>γάμος,</em></span> 
     </span>
     <span class='ocr_line' id='line_1_6' title="bbox 287 1183 1066 1281; baseline -0.001 -25"><span class='ocrx_word' id='word_1_26' title='bbox 287 1193 434 1272; x_wconf 78' lang='grc' dir='ltr'><em>τιμαῖσι</em></span> <span class='ocrx_word' id='word_1_27' title='bbox 454 1190 573 1257; x_wconf 84' lang='grc' dir='ltr'><em>πολλοὶ</em></span> <span class='ocrx_word' id='word_1_28' title='bbox 593 1184 680 1281; x_wconf 80' lang='grc' dir='ltr'>πρός</span> <span class='ocrx_word' id='word_1_29' title='bbox 700 1190 816 1259; x_wconf 78' lang='grc' dir='ltr'><em>τέκνων</em></span> <span class='ocrx_word' id='word_1_30' title='bbox 837 1183 928 1276; x_wconf 80' lang='grc' dir='ltr'><strong><em>χάριν</em></strong></span> <span class='ocrx_word' id='word_1_31' title='bbox 947 1191 1066 1273; x_wconf 82' lang='grc' dir='ltr'><em>λαβεῖν,</em></span> 
     </span>
     <span class='ocr_line' id='line_1_7' title="bbox 287 1293 947 1392; baseline 0 -24"><span class='ocrx_word' id='word_1_32' title='bbox 287 1294 325 1370; x_wconf 78' lang='grc' dir='ltr'>τά</span> <span class='ocrx_word' id='word_1_33' title='bbox 347 1294 376 1370; x_wconf 83' lang='grc' dir='ltr'>τ’</span> <span class='ocrx_word' id='word_1_34' title='bbox 395 1299 526 1385; x_wconf 82' lang='grc' dir='ltr'><em>άξλοιμα</em></span> <span class='ocrx_word' id='word_1_35' title='bbox 544 1303 666 1385; x_wconf 80' lang='grc' dir='ltr'><em>μᾶλλον</em></span> <span class='ocrx_word' id='word_1_36' title='bbox 687 1297 707 1392; x_wconf 81' lang='grc' dir='ltr'><strong><em>ἢ</em></strong></span> <span class='ocrx_word' id='word_1_37' title='bbox 727 1297 770 1370; x_wconf 79' lang='grc' dir='ltr'>τά</span> <span class='ocrx_word' id='word_1_38' title='bbox 788 1293 947 1392; x_wconf 76' lang='grc' dir='ltr'><em>χρήματα.</em></span> 
     </span>
    </p>

    <p class='ocr_par' dir='ltr' id='par_1_4' title="bbox 90 1405 1216 1966">
     <span class='ocr_line' id='line_1_8' title="bbox 128 1405 1215 1504; baseline -0.001 -22"><span class='ocrx_word' id='word_1_39' title='bbox 128 1418 229 1482; x_wconf 82' lang='lat' dir='ltr'>Locus</span> <span class='ocrx_word' id='word_1_40' title='bbox 252 1415 476 1496; x_wconf 62' lang='lat' dir='ltr'>conclamatum</span> <span class='ocrx_word' id='word_1_41' title='bbox 506 1439 577 1482; x_wconf 84' lang='lat' dir='ltr'>nam</span> <span class='ocrx_word' id='word_1_42' title='bbox 604 1441 702 1504; x_wconf 84' lang='lat' dir='ltr'>noque</span> <span class='ocrx_word' id='word_1_43' title='bbox 724 1442 768 1485; x_wconf 89' lang='lat' dir='ltr'>vs.</span> <span class='ocrx_word' id='word_1_44' title='bbox 792 1421 810 1483; x_wconf 92' lang='lat'>1</span> <span class='ocrx_word' id='word_1_45' title='bbox 834 1405 933 1501; x_wconf 81' lang='grc' dir='ltr'><em>γάμος</em></span> <span class='ocrx_word' id='word_1_46' title='bbox 962 1438 1032 1482; x_wconf 88' lang='lat' dir='ltr'>oum</span> <span class='ocrx_word' id='word_1_47' title='bbox 1060 1405 1215 1503; x_wconf 82' lang='grc' dir='ltr'><em>άμορφος</em></span> 
     </span>
     <span class='ocr_line' id='line_1_9' title="bbox 90 1531 1214 1619; baseline -0.001 -23"><span class='ocrx_word' id='word_1_48' title='bbox 90 1539 163 1598; x_wconf 82' lang='lat' dir='ltr'>recte</span> <span class='ocrx_word' id='word_1_49' title='bbox 183 1533 404 1619; x_wconf 81' lang='lat' dir='ltr'>coniungitur,</span> <span class='ocrx_word' id='word_1_50' title='bbox 423 1554 522 1617; x_wconf 85' lang='lat' dir='ltr'>neque</span> <span class='ocrx_word' id='word_1_51' title='bbox 541 1533 661 1614; x_wconf 80' lang='grc' dir='ltr'><em>τιμῶσι</em></span> <span class='ocrx_word' id='word_1_52' title='bbox 683 1533 793 1616; x_wconf 74' lang='grc' dir='ltr'><em>λαβεῖν</em></span> <span class='ocrx_word' id='word_1_53' title='bbox 814 1534 932 1599; x_wconf 82' lang='lat' dir='ltr'>Graeco</span> <span class='ocrx_word' id='word_1_54' title='bbox 950 1539 997 1598; x_wconf 78' lang='lat' dir='ltr'>est</span> <span class='ocrx_word' id='word_1_55' title='bbox 1020 1531 1214 1618; x_wconf 80' lang='lat' dir='ltr'>compositio.</span> 
     </span>
     <span class='ocr_line' id='line_1_10' title="bbox 91 1645 1215 1736; baseline -0.004 -24"><span class='ocrx_word' id='word_1_56' title='bbox 91 1649 187 1714; x_wconf 87' lang='lat' dir='ltr'>Looos</span> <span class='ocrx_word' id='word_1_57' title='bbox 214 1649 367 1736; x_wconf 76' lang='lat' dir='ltr'>pertinere</span> <span class='ocrx_word' id='word_1_58' title='bbox 394 1645 532 1714; x_wconf 73' lang='lat' dir='ltr'>viderur·</span> <span class='ocrx_word' id='word_1_59' title='bbox 561 1647 599 1712; x_wconf 83' lang='lat' dir='ltr'>ad</span> <span class='ocrx_word' id='word_1_60' title='bbox 631 1647 665 1713; x_wconf 88' lang='lat' dir='ltr'>id</span> <span class='ocrx_word' id='word_1_61' title='bbox 694 1670 792 1735; x_wconf 80' lang='lat' dir='ltr'>genus</span> <span class='ocrx_word' id='word_1_62' title='bbox 825 1649 981 1727; x_wconf 85' lang='lat' dir='ltr'>locorum,</span> <span class='ocrx_word' id='word_1_63' title='bbox 1013 1649 1048 1712; x_wconf 89' lang='lat' dir='ltr'>in</span> <span class='ocrx_word' id='word_1_64' title='bbox 1083 1646 1215 1713; x_wconf 76' lang='lat' dir='ltr'>Stobeeo</span> 
     </span>
     <span class='ocr_line' id='line_1_11' title="bbox 92 1761 1216 1850; baseline -0.004 -22"><span class='ocrx_word' id='word_1_65' title='bbox 92 1763 247 1830; x_wconf 75' lang='lat' dir='ltr'>admodum</span> <span class='ocrx_word' id='word_1_66' title='bbox 276 1764 434 1848; x_wconf 77' lang='lat' dir='ltr'><strong>frequens,</strong></span> <span class='ocrx_word' id='word_1_67' title='bbox 466 1764 503 1827; x_wconf 89' lang='lat' dir='ltr'>de</span> <span class='ocrx_word' id='word_1_68' title='bbox 536 1785 598 1848; x_wconf 89' lang='lat' dir='ltr'>quo</span> <span class='ocrx_word' id='word_1_69' title='bbox 632 1763 698 1850; x_wconf 76' lang='lat' dir='ltr'>egit</span> <span class='ocrx_word' id='word_1_70' title='bbox 728 1763 866 1829; x_wconf 80' lang='lat' dir='ltr'>Oobetus</span> <span class='ocrx_word' id='word_1_71' title='bbox 891 1786 918 1830; x_wconf 88' lang='lat' dir='ltr'>v.</span> <span class='ocrx_word' id='word_1_72' title='bbox 945 1763 984 1830; x_wconf 89' lang='lat' dir='ltr'>ol.</span> <span class='ocrx_word' id='word_1_73' title='bbox 1007 1764 1123 1829; x_wconf 88' lang='lat' dir='ltr'>Mnom.</span> <span class='ocrx_word' id='word_1_74' title='bbox 1146 1761 1216 1840; x_wconf 89' lang='lat' dir='ltr'>IV,</span> 
     </span>
     <span class='ocr_line' id='line_1_12' title="bbox 93 1877 1214 1966; baseline -0.002 -22"><span class='ocrx_word' id='word_1_75' title='bbox 93 1903 113 1965; x_wconf 86' lang='lat' dir='ltr'>p.</span> <span class='ocrx_word' id='word_1_76' title='bbox 135 1881 201 1946; x_wconf 73' lang='lat'>267</span> <span class='ocrx_word' id='word_1_77' title='bbox 220 1901 266 1965; x_wconf 84' lang='lat' dir='ltr'>sq.</span> <span class='ocrx_word' id='word_1_78' title='bbox 290 1881 332 1944; x_wconf 92' lang='lat' dir='ltr'>Ni</span> <span class='ocrx_word' id='word_1_79' title='bbox 356 1878 488 1944; x_wconf 79' lang='lat' dir='ltr'>multum</span> <span class='ocrx_word' id='word_1_80' title='bbox 508 1878 613 1952; x_wconf 80' lang='lat' dir='ltr'>fallor,</span> <span class='ocrx_word' id='word_1_81' title='bbox 637 1880 671 1942; x_wconf 89' lang='lat' dir='ltr'>in</span> <span class='ocrx_word' id='word_1_82' title='bbox 694 1901 738 1944; x_wconf 88' lang='lat' dir='ltr'>vs.</span> <span class='ocrx_word' id='word_1_83' title='bbox 759 1883 777 1943; x_wconf 88' lang='lat'>1</span> <span class='ocrx_word' id='word_1_84' title='bbox 806 1885 837 1944; x_wconf 79' lang='lat' dir='ltr'>st</span> <span class='ocrx_word' id='word_1_85' title='bbox 857 1877 1112 1966; x_wconf 79' lang='lat' dir='ltr'>2genuiuehaeo</span> <span class='ocrx_word' id='word_1_86' title='bbox 1125 1883 1214 1943; x_wconf 74' lang='lat' dir='ltr'>suut:</span> 
     </span>
    </p>

    <p class='ocr_par' dir='ltr' id='par_1_5' title="bbox 279 1980 1013 2193">
     <span class='ocr_line' id='line_1_13' title="bbox 279 1980 869 2080; baseline 0 -22"><span class='ocrx_word' id='word_1_87' title='bbox 279 1985 336 2080; x_wconf 71' lang='grc' dir='ltr'><em>τήν</em></span> <span class='ocrx_word' id='word_1_88' title='bbox 355 1989 513 2078; x_wconf 80' lang='grc' dir='ltr'><em>εὐγένειαν</em></span> <span class='ocrx_word' id='word_1_89' title='bbox 533 1985 591 2057; x_wconf 78' lang='grc' dir='ltr'><em>κάν</em></span> <span class='ocrx_word' id='word_1_90' title='bbox 608 1983 768 2080; x_wconf 83' lang='grc' dir='ltr'><em>άμορφος</em></span> <span class='ocrx_word' id='word_1_91' title='bbox 789 1980 869 2080; x_wconf 54' lang='lat' dir='ltr'>,iifl</span> 
     </span>
     <span class='ocr_line' id='line_1_14' title="bbox 280 2097 1013 2193; baseline -0.003 -24"><span class='ocrx_word' id='word_1_92' title='bbox 280 2105 300 2144; x_wconf 73' lang='lat'>⁴*</span> <span class='ocrx_word' id='word_1_93' title='bbox 321 2107 383 2170; x_wconf 81' lang='grc' dir='ltr'>ῶσι</span> <span class='ocrx_word' id='word_1_94' title='bbox 401 2103 518 2170; x_wconf 82' lang='grc' dir='ltr'><em>πολλοὶ</em></span> <span class='ocrx_word' id='word_1_95' title='bbox 540 2097 627 2193; x_wconf 74' lang='grc' dir='ltr'><em>προς</em></span> <span class='ocrx_word' id='word_1_96' title='bbox 645 2101 761 2170; x_wconf 75' lang='grc' dir='ltr'><em>τέκνοιν</em></span> <span class='ocrx_word' id='word_1_97' title='bbox 782 2099 874 2191; x_wconf 83' lang='grc' dir='ltr'><em>χάριν</em></span> <span class='ocrx_word' id='word_1_98' title='bbox 893 2103 1013 2186; x_wconf 80' lang='grc' dir='ltr'><em>λαβεῖν.</em></span> 
     </span>
    </p>

    <p class='ocr_par' dir='ltr' id='par_1_6' title="bbox 129 2215 1218 2304">
     <span class='ocr_line' id='line_1_15' title="bbox 129 2215 1218 2304; baseline -0.002 -20"><span class='ocrx_word' id='word_1_99' title='bbox 129 2217 260 2304; x_wconf 82' lang='lat' dir='ltr'>Reliqua</span> <span class='ocrx_word' id='word_1_100' title='bbox 282 2217 378 2282; x_wconf 80' lang='lat' dir='ltr'>stulta</span> <span class='ocrx_word' id='word_1_101' title='bbox 398 2219 579 2284; x_wconf 77' lang='lat' dir='ltr'>correctoris</span> <span class='ocrx_word' id='word_1_102' title='bbox 599 2217 809 2304; x_wconf 79' lang='lat' dir='ltr'>supplemento</span> <span class='ocrx_word' id='word_1_103' title='bbox 825 2239 890 2282; x_wconf 85' lang='lat' dir='ltr'>esse</span> <span class='ocrx_word' id='word_1_104' title='bbox 905 2217 1021 2284; x_wconf 86' lang='lat' dir='ltr'>iudico.</span> <span class='ocrx_word' id='word_1_105' title='bbox 1036 2218 1124 2303; x_wconf 84' lang='lat' dir='ltr'>Ipse,</span> <span class='ocrx_word' id='word_1_106' title='bbox 1141 2215 1218 2282; x_wconf 84' lang='lat' dir='ltr'>duce</span> 
     </span>
    </p>

    <p class='ocr_par' dir='ltr' id='par_1_7' title="bbox 91 2332 765 2420">
     <span class='ocr_line' id='line_1_16' title="bbox 91 2332 765 2420; baseline -0.001 -23"><span class='ocrx_word' id='word_1_107' title='bbox 91 2334 251 2410; x_wconf 78' lang='lat' dir='ltr'>sententia,</span> <span class='ocrx_word' id='word_1_108' title='bbox 284 2332 491 2420; x_wconf 84' lang='lat' dir='ltr'>supplendum</span> <span class='ocrx_word' id='word_1_109' title='bbox 521 2355 586 2398; x_wconf 87' lang='lat' dir='ltr'>esse</span> <span class='ocrx_word' id='word_1_110' title='bbox 609 2333 765 2419; x_wconf 81' lang='lat' dir='ltr'>suspicor:</span> 
     </span>
    </p>

    <p class='ocr_par' dir='ltr' id='par_1_8' title="bbox 238 2433 929 2534">
     <span class='ocr_line' id='line_1_17' title="bbox 238 2433 929 2534; baseline -0.006 -1"><span class='ocrx_word' id='word_1_111' title='bbox 238 2437 295 2533; x_wconf 69' lang='grc' dir='ltr'>τήν</span> <span class='ocrx_word' id='word_1_112' title='bbox 315 2437 492 2531; x_wconf 58' lang='grc' dir='ltr'><em>θάνον,</em></span> <span class='ocrx_word' id='word_1_113' title='bbox 515 2439 573 2511; x_wconf 65' lang='grc' dir='ltr'>κᾶν</span> <span class='ocrx_word' id='word_1_114' title='bbox 594 2442 748 2534; x_wconf 67' lang='grc' dir='ltr'><em>ἄνθινον</em></span> <span class='ocrx_word' id='word_1_115' title='bbox 769 2433 790 2532; x_wconf 84' lang='grc' dir='ltr'><strong><em>ἦ</em></strong></span> <span class='ocrx_word' id='word_1_116' title='bbox 811 2437 929 2533; x_wconf 66' lang='lat' dir='ltr'>ruo),</span> 
     </span>
    </p>

    <p class='ocr_par' dir='ltr' id='par_1_9' title="bbox 238 2550 1043 2645">
     <span class='ocr_line' id='line_1_18' title="bbox 238 2550 1043 2645; baseline 0 -23"><span class='ocrx_word' id='word_1_117' title='bbox 238 2557 397 2645; x_wconf 71' lang='grc' dir='ltr'><em>(θηρμιῖσι</em></span> <span class='ocrx_word' id='word_1_118' title='bbox 419 2555 537 2622; x_wconf 86' lang='grc' dir='ltr'><em>πολλοὶ</em></span> <span class='ocrx_word' id='word_1_119' title='bbox 558 2550 780 2644; x_wconf 68' lang='lat' dir='ltr'>mouerimus</span> <span class='ocrx_word' id='word_1_120' title='bbox 801 2552 893 2645; x_wconf 84' lang='grc' dir='ltr'><em>χάριν</em></span> <span class='ocrx_word' id='word_1_121' title='bbox 914 2557 1043 2638; x_wconf 79' lang='grc' dir='ltr'><em>λαβεῖν,</em></span> 
     </span>
    </p>

    <p class='ocr_par' dir='ltr' id='par_1_10' title="bbox 90 2659 1220 2986">
     <span class='ocr_line' id='line_1_19' title="bbox 237 2659 902 2758; baseline 0 -24"><span class='ocrx_word' id='word_1_122' title='bbox 237 2659 276 2735; x_wconf 84' lang='grc' dir='ltr'>τά</span> <span class='ocrx_word' id='word_1_123' title='bbox 297 2661 326 2734; x_wconf 80' lang='grc' dir='ltr'>τ’</span> <span class='ocrx_word' id='word_1_124' title='bbox 346 2660 476 2754; x_wconf 83' lang='grc' dir='ltr'><em>α’ξλιομα</em></span> <span class='ocrx_word' id='word_1_125' title='bbox 495 2669 617 2752; x_wconf 80' lang='grc' dir='ltr'><em>μᾶλλον</em></span> <span class='ocrx_word' id='word_1_126' title='bbox 638 2663 659 2758; x_wconf 81' lang='grc' dir='ltr'><strong><em>ἢ</em></strong></span> <span class='ocrx_word' id='word_1_127' title='bbox 679 2663 720 2736; x_wconf 78' lang='grc' dir='ltr'>τά</span> <span class='ocrx_word' id='word_1_128' title='bbox 743 2662 902 2756; x_wconf 79' lang='grc' dir='ltr'><em>χρήματα.</em></span> 
     </span>
     <span class='ocr_line' id='line_1_20' title="bbox 91 2775 1220 2872; baseline 0.006 -31"><span class='ocrx_word' id='word_1_129' title='bbox 91 2780 142 2845; x_wconf 85' lang='lat' dir='ltr'>Vs.</span> <span class='ocrx_word' id='word_1_130' title='bbox 166 2785 183 2846; x_wconf 98' lang='lat' dir='ltr'>l</span> <span class='ocrx_word' id='word_1_131' title='bbox 207 2775 283 2872; x_wconf 78' lang='grc' dir='ltr'>γονὴ</span> <span class='ocrx_word' id='word_1_132' title='bbox 304 2783 418 2866; x_wconf 86' lang='lat' dir='ltr'>requiri</span> <span class='ocrx_word' id='word_1_133' title='bbox 441 2782 523 2849; x_wconf 82' lang='lat' dir='ltr'>vidit</span> <span class='ocrx_word' id='word_1_134' title='bbox 543 2784 604 2848; x_wconf 83' lang='lat' dir='ltr'>iam</span> <span class='ocrx_word' id='word_1_135' title='bbox 628 2784 794 2850; x_wconf 85' lang='lat' dir='ltr'>Neuokius</span> <span class='ocrx_word' id='word_1_136' title='bbox 820 2785 857 2850; x_wconf 87' lang='lat' dir='ltr'>fr.</span> <span class='ocrx_word' id='word_1_137' title='bbox 880 2787 956 2848; x_wconf 80' lang='lat'>409.</span> <span class='ocrx_word' id='word_1_138' title='bbox 978 2785 1050 2850; x_wconf 84' lang='lat' dir='ltr'>Hoc</span> <span class='ocrx_word' id='word_1_139' title='bbox 1065 2783 1220 2870; x_wconf 84' lang='lat' dir='ltr'>fragmen-</span> 
     </span>
     <span class='ocr_line' id='line_1_21' title="bbox 90 2897 1168 2986; baseline 0.002 -25"><span class='ocrx_word' id='word_1_140' title='bbox 90 2906 153 2962; x_wconf 86' lang='lat' dir='ltr'>tum</span> <span class='ocrx_word' id='word_1_141' title='bbox 173 2903 257 2962; x_wconf 82' lang='lat' dir='ltr'>oroto</span> <span class='ocrx_word' id='word_1_142' title='bbox 280 2897 441 2964; x_wconf 86' lang='lat' dir='ltr'>cohaerere</span> <span class='ocrx_word' id='word_1_143' title='bbox 465 2921 533 2964; x_wconf 87' lang='lat' dir='ltr'>oum</span> <span class='ocrx_word' id='word_1_144' title='bbox 557 2901 750 2985; x_wconf 80' lang='lat' dir='ltr'>praeoedenti</span> <span class='ocrx_word' id='word_1_145' title='bbox 774 2902 867 2986; x_wconf 78' lang='lat'>(408)</span> <span class='ocrx_word' id='word_1_146' title='bbox 889 2901 1044 2966; x_wconf 75' lang='lat' dir='ltr'>sententie</span> <span class='ocrx_word' id='word_1_147' title='bbox 1069 2899 1168 2964; x_wconf 75' lang='lat' dir='ltr'>docet.</span> 
     </span>
    </p>
   </div>
   <div class='ocr_carea' id='block_1_4' title="bbox 93 3108 1223 4208">
    <p class='ocr_par' dir='ltr' id='par_1_11' title="bbox 133 3108 1088 3540">
     <span class='ocr_line' id='line_1_22' title="bbox 133 3108 695 3203; baseline 0 -23"><span class='ocrx_word' id='word_1_148' title='bbox 133 3115 216 3181; x_wconf 79' lang='lat' dir='ltr'>Stob.</span> <span class='ocrx_word' id='word_1_149' title='bbox 240 3115 315 3193; x_wconf 82' lang='lat' dir='ltr'>Ox,</span> <span class='ocrx_word' id='word_1_150' title='bbox 339 3119 369 3180; x_wconf 88' lang='lat'>5.</span> <span class='ocrx_word' id='word_1_151' title='bbox 392 3108 575 3203; x_wconf 74' lang='grc' dir='ltr'><em>Εὐριπίδου</em></span> <span class='ocrx_word' id='word_1_152' title='bbox 596 3112 695 3182; x_wconf 80' lang='grc' dir='ltr'><em>Ἰνοῖ·</em></span> 
     </span>
     <span class='ocr_line' id='line_1_23' title="bbox 239 3217 900 3316; baseline -0.003 -22"><span class='ocrx_word' id='word_1_153' title='bbox 239 3219 368 3294; x_wconf 79' lang='grc' dir='ltr'><em>τοιάνδε</em></span> <span class='ocrx_word' id='word_1_154' title='bbox 387 3219 449 3316; x_wconf 70' lang='grc' dir='ltr'>χρὴ</span> <span class='ocrx_word' id='word_1_155' title='bbox 471 3225 593 3313; x_wconf 78' lang='grc' dir='ltr'><em>γυναικὶ</em></span> <span class='ocrx_word' id='word_1_156' title='bbox 613 3217 805 3316; x_wconf 82' lang='grc' dir='ltr'><em>πρόσπολον</em></span> <span class='ocrx_word' id='word_1_157' title='bbox 824 3225 900 3309; x_wconf 81' lang='grc' dir='ltr'><em>ἐάν,</em></span> 
     </span>
     <span class='ocr_line' id='line_1_24' title="bbox 240 3330 855 3428; baseline -0.002 -23"><span class='ocrx_word' id='word_1_158' title='bbox 240 3332 311 3428; x_wconf 81' lang='grc' dir='ltr'><em>ἥτις</em></span> <span class='ocrx_word' id='word_1_159' title='bbox 332 3333 370 3406; x_wconf 79' lang='grc' dir='ltr'>τά</span> <span class='ocrx_word' id='word_1_160' title='bbox 390 3337 449 3421; x_wconf 87' lang='grc' dir='ltr'><em>μὲν</em></span> <span class='ocrx_word' id='word_1_161' title='bbox 469 3337 592 3406; x_wconf 79' lang='grc' dir='ltr'><em>δίκαιον</em></span> <span class='ocrx_word' id='word_1_162' title='bbox 613 3330 652 3405; x_wconf 82' lang='grc' dir='ltr'>σά</span> <span class='ocrx_word' id='word_1_163' title='bbox 674 3333 855 3428; x_wconf 79' lang='grc' dir='ltr'><em>σιγήσεται,</em></span> 
     </span>
     <span class='ocr_line' id='line_1_25' title="bbox 240 3441 1088 3540; baseline 0 -24"><span class='ocrx_word' id='word_1_164' title='bbox 240 3443 282 3516; x_wconf 81' lang='grc' dir='ltr'>τά</span> <span class='ocrx_word' id='word_1_165' title='bbox 303 3448 331 3517; x_wconf 72' lang='grc' dir='ltr'>δ’</span> <span class='ocrx_word' id='word_1_166' title='bbox 352 3445 477 3540; x_wconf 81' lang='grc' dir='ltr'><em>αἰσχρά</em></span> <span class='ocrx_word' id='word_1_167' title='bbox 492 3453 599 3534; x_wconf 89' lang='grc' dir='ltr'><em>μισεῖ</em></span> <span class='ocrx_word' id='word_1_168' title='bbox 616 3449 670 3516; x_wconf 85' lang='grc' dir='ltr'>καῖ</span> <span class='ocrx_word' id='word_1_169' title='bbox 690 3442 760 3515; x_wconf 77' lang='grc' dir='ltr'><em>κατ’</em></span> <span class='ocrx_word' id='word_1_170' title='bbox 779 3441 973 3538; x_wconf 76' lang='grc' dir='ltr'><em>ὀφθαλμοάς</em></span> <span class='ocrx_word' id='word_1_171' title='bbox 994 3444 1088 3533; x_wconf 77' lang='grc' dir='ltr'><em>ἔχει.</em></span> 
     </span>
    </p>

    <p class='ocr_par' dir='ltr' id='par_1_12' title="bbox 93 3561 1223 3882">
     <span class='ocr_line' id='line_1_26' title="bbox 133 3561 1222 3653; baseline -0.003 -24"><span class='ocrx_word' id='word_1_172' title='bbox 133 3565 220 3632; x_wconf 74' lang='lat' dir='ltr'>Vsss</span> <span class='ocrx_word' id='word_1_173' title='bbox 247 3588 303 3651; x_wconf 89' lang='lat' dir='ltr'>pro</span> <span class='ocrx_word' id='word_1_174' title='bbox 327 3561 395 3652; x_wconf 80' lang='grc' dir='ltr'><em>ἔχει</em></span> <span class='ocrx_word' id='word_1_175' title='bbox 417 3566 576 3632; x_wconf 82' lang='lat' dir='ltr'>Dobraeus</span> <span class='ocrx_word' id='word_1_176' title='bbox 597 3571 628 3629; x_wconf 83' lang='lat' dir='ltr'>et</span> <span class='ocrx_word' id='word_1_177' title='bbox 650 3564 808 3650; x_wconf 82' lang='lat' dir='ltr'>Borgkius</span> <span class='ocrx_word' id='word_1_178' title='bbox 830 3563 913 3653; x_wconf 68' lang='grc' dir='ltr'><em>ἐρεῖ·</em></span> <span class='ocrx_word' id='word_1_179' title='bbox 927 3570 1027 3644; x_wconf 78' lang='lat' dir='ltr'>recte,</span> <span class='ocrx_word' id='word_1_180' title='bbox 1043 3570 1079 3630; x_wconf 79' lang='lat' dir='ltr'>ut</span> <span class='ocrx_word' id='word_1_181' title='bbox 1090 3562 1222 3628; x_wconf 80' lang='lat' dir='ltr'>videtur.</span> 
     </span>
     <span class='ocr_line' id='line_1_27' title="bbox 93 3679 1223 3766; baseline -0.004 -21"><span class='ocrx_word' id='word_1_182' title='bbox 93 3681 151 3746; x_wconf 83' lang='lat' dir='ltr'>Sed</span> <span class='ocrx_word' id='word_1_183' title='bbox 183 3681 274 3747; x_wconf 85' lang='lat' dir='ltr'>simul</span> <span class='ocrx_word' id='word_1_184' title='bbox 309 3681 505 3752; x_wconf 78' lang='lat' dir='ltr'>scribendum</span> <span class='ocrx_word' id='word_1_185' title='bbox 525 3683 641 3764; x_wconf 85' lang='grc' dir='ltr'><em>μισεῖν,</em></span> <span class='ocrx_word' id='word_1_186' title='bbox 659 3679 719 3744; x_wconf 91' lang='lat' dir='ltr'>hoo</span> <span class='ocrx_word' id='word_1_187' title='bbox 751 3702 854 3744; x_wconf 83' lang='lat' dir='ltr'>sensu:</span> <span class='ocrx_word' id='word_1_188' title='bbox 882 3703 1017 3766; x_wconf 79' lang='lat' dir='ltr'>quaeque</span> <span class='ocrx_word' id='word_1_189' title='bbox 1047 3681 1153 3765; x_wconf 77' lang='grc' dir='ltr'><em>ιιινμῖο</em></span> <span class='ocrx_word' id='word_1_190' title='bbox 1190 3701 1223 3742; x_wconf 82' lang='grc' dir='ltr'>οι</span> 
     </span>
     <span class='ocr_line' id='line_1_28' title="bbox 93 3797 730 3882; baseline -0.002 -22"><span class='ocrx_word' id='word_1_191' title='bbox 93 3799 189 3862; x_wconf 75' lang='lat' dir='ltr'>odiose</span> <span class='ocrx_word' id='word_1_192' title='bbox 210 3798 304 3864; x_wconf 78' lang='lat' dir='ltr'>etiam</span> <span class='ocrx_word' id='word_1_193' title='bbox 327 3819 426 3862; x_wconf 83' lang='grc' dir='ltr'><em>ιονιιιι</em></span> <span class='ocrx_word' id='word_1_194' title='bbox 448 3799 522 3860; x_wconf 76' lang='lat' dir='ltr'>hero</span> <span class='ocrx_word' id='word_1_195' title='bbox 540 3797 730 3882; x_wconf 67' lang='lat' dir='ltr'>profitemur.</span> 
     </span>
    </p>

    <p class='ocr_par' dir='ltr' id='par_1_13' title="bbox 94 3907 1222 4208">
     <span class='ocr_line' id='line_1_29' title="bbox 135 3907 1221 3998; baseline 0.003 -24"><span class='ocrx_word' id='word_1_196' title='bbox 135 3911 188 3976; x_wconf 86' lang='lat' dir='ltr'>Vs.</span> <span class='ocrx_word' id='word_1_197' title='bbox 208 3917 227 3978; x_wconf 88' lang='lat' dir='ltr'>l</span> <span class='ocrx_word' id='word_1_198' title='bbox 251 3933 323 3978; x_wconf 85' lang='lat' dir='ltr'>oum</span> <span class='ocrx_word' id='word_1_199' title='bbox 347 3912 488 3978; x_wconf 84' lang='lat' dir='ltr'>Dobroeo</span> <span class='ocrx_word' id='word_1_200' title='bbox 509 3913 683 3997; x_wconf 79' lang='lat' dir='ltr'>scripserim</span> <span class='ocrx_word' id='word_1_201' title='bbox 707 3910 811 3994; x_wconf 80' lang='grc' dir='ltr'><em>νέμειν</em></span> <span class='ocrx_word' id='word_1_202' title='bbox 826 3934 881 3998; x_wconf 90' lang='lat' dir='ltr'>pro</span> <span class='ocrx_word' id='word_1_203' title='bbox 898 3907 961 3978; x_wconf 74' lang='grc' dir='ltr'><em>ἐάν.</em></span> <span class='ocrx_word' id='word_1_204' title='bbox 980 3911 1221 3978; x_wconf 82' lang='lat' dir='ltr'>Valckenoerius</span> 
     </span>
     <span class='ocr_line' id='line_1_30' title="bbox 94 4027 1222 4114; baseline 0.006 -27"><span class='ocrx_word' id='word_1_205' title='bbox 94 4027 222 4094; x_wconf 75' lang='lat' dir='ltr'>oouiecii</span> <span class='ocrx_word' id='word_1_206' title='bbox 253 4028 366 4111; x_wconf 78' lang='grc' dir='ltr'><em>περᾶν,</em></span> <span class='ocrx_word' id='word_1_207' title='bbox 390 4028 473 4112; x_wconf 91' lang='lat' dir='ltr'>quod</span> <span class='ocrx_word' id='word_1_208' title='bbox 512 4028 613 4092; x_wconf 87' lang='lat' dir='ltr'>miuus</span> <span class='ocrx_word' id='word_1_209' title='bbox 643 4033 727 4092; x_wconf 79' lang='lat' dir='ltr'>reete</span> <span class='ocrx_word' id='word_1_210' title='bbox 751 4049 819 4092; x_wconf 86' lang='lat' dir='ltr'>oum</span> <span class='ocrx_word' id='word_1_211' title='bbox 843 4028 957 4092; x_wconf 80' lang='lat' dir='ltr'>Dativo</span> <span class='ocrx_word' id='word_1_212' title='bbox 977 4027 1065 4114; x_wconf 89' lang='lat' dir='ltr'>iungi</span> <span class='ocrx_word' id='word_1_213' title='bbox 1091 4028 1222 4094; x_wconf 78' lang='lat' dir='ltr'>videtur.</span> 
     </span>
     <span class='ocr_line' id='line_1_31' title="bbox 96 4139 336 4208; baseline 0.017 -4"><span class='ocrx_word' id='word_1_214' title='bbox 96 4139 196 4208; x_wconf 85' lang='lat' dir='ltr'>Possis</span> <span class='ocrx_word' id='word_1_215' title='bbox 219 4151 336 4208; x_wconf 80' lang='lat' dir='ltr'>tamen:</span> 
     </span>
    </p>
   </div>
   <div class='ocr_carea' id='block_1_5' title="bbox 113 4282 300 4296">
    <p class='ocr_par' dir='ltr' id='par_1_14' title="bbox 113 4282 300 4296">
     <span class='ocr_line' id='line_1_32' title="bbox 113 4282 300 4296; baseline 0.011 -2"><span class='ocrx_word' id='word_1_216' title='bbox 113 4282 300 4296; x_wconf 52' lang='lat'>*-</span> 
     </span>
    </p>
   </div>
   <div class='ocr_carea' id='block_1_6' title="bbox 96 4342 1222 4480">
    <p class='ocr_par' dir='ltr' id='par_1_15' title="bbox 96 4342 1222 4480">
     <span class='ocr_line' id='line_1_33' title="bbox 127 4342 1222 4410; baseline 0.001 -19"><span class='ocrx_word' id='word_1_217' title='bbox 127 4342 148 4402; x_wconf 89' lang='lat'>¹)</span> <span class='ocrx_word' id='word_1_218' title='bbox 165 4343 203 4394; x_wconf 77' lang='lat' dir='ltr'>cf.</span> <span class='ocrx_word' id='word_1_219' title='bbox 224 4343 322 4394; x_wconf 77' lang='lat' dir='ltr'>Observ.</span> <span class='ocrx_word' id='word_1_220' title='bbox 338 4345 419 4394; x_wconf 76' lang='lat' dir='ltr'>critic.</span> <span class='ocrx_word' id='word_1_221' title='bbox 437 4345 470 4394; x_wconf 86' lang='lat' dir='ltr'>in.</span> <span class='ocrx_word' id='word_1_222' title='bbox 488 4345 516 4394; x_wconf 79' lang='lat' dir='ltr'>ir.</span> <span class='ocrx_word' id='word_1_223' title='bbox 530 4360 591 4394; x_wconf 89' lang='lat' dir='ltr'>com.</span> <span class='ocrx_word' id='word_1_224' title='bbox 608 4360 686 4408; x_wconf 79' lang='lat' dir='ltr'>graue.</span> <span class='ocrx_word' id='word_1_225' title='bbox 704 4361 727 4410; x_wconf 91' lang='lat' dir='ltr'>p.</span> <span class='ocrx_word' id='word_1_226' title='bbox 741 4347 785 4404; x_wconf 79' lang='lat'>15,</span> <span class='ocrx_word' id='word_1_227' title='bbox 808 4345 847 4394; x_wconf 92' lang='lat' dir='ltr'>ubi</span> <span class='ocrx_word' id='word_1_228' title='bbox 860 4345 961 4395; x_wconf 85' lang='lat' dir='ltr'>eundem</span> <span class='ocrx_word' id='word_1_229' title='bbox 975 4362 1080 4396; x_wconf 84' lang='lat' dir='ltr'>errorem</span> <span class='ocrx_word' id='word_1_230' title='bbox 1093 4344 1184 4394; x_wconf 81' lang='lat' dir='ltr'>correxi</span> <span class='ocrx_word' id='word_1_231' title='bbox 1197 4345 1222 4392; x_wconf 92' lang='lat' dir='ltr'>in</span> 
     </span>
     <span class='ocr_line' id='line_1_34' title="bbox 96 4423 322 4480; baseline 0.027 -7"><span class='ocrx_word' id='word_1_232' title='bbox 96 4423 144 4476; x_wconf 86' lang='lat' dir='ltr'>loeo</span> <span class='ocrx_word' id='word_1_233' title='bbox 164 4429 322 4480; x_wconf 79' lang='lat' dir='ltr'>Pherecratio.</span> 
     </span>
    </p>
   </div>
   <div class='ocr_carea' id='block_1_7' title="bbox 0 0 1510 5156">
    <p class='ocr_par' dir='ltr' id='par_1_16' title="bbox 0 0 1510 5156">
     <span class='ocr_line' id='line_1_35' title="bbox 0 0 1510 5156; baseline 0 0"><span class='ocrx_word' id='word_1_234' title='bbox 0 0 1510 5156; x_wconf 95' lang='lat' dir='ltr'> </span> 
     </span>
    </p>
   </div>
  </div>
 </body>
</html>
