2990 5156
685 489 919 534 Priuernum.

436 633 671 733 ἐκαραδόκησεν
693 641 741 720 εἷς
761 634 812 730 ἔμ’
832 638 852 733 ἦ
871 635 975 732 βουλή
994 631 1105 724 πάλιν,

437 749 456 824 ό
477 756 514 824 δέ
533 748 638 824 τοῦτ’
657 751 824 834 α’κοιίσας
843 754 1014 843 ἐκπλαγείς
1035 746 1218 847 ἐφληνάφα.

276 986 349 1052 Non
374 978 533 1078 ἐξεπλάγη
554 986 628 1052 Oieo
641 987 761 1064 auditis,
786 1008 864 1072 quae
887 984 1041 1048 isiciarius
1065 985 1197 1064 dixerat,
1221 988 1274 1052 sed
1293 989 1366 1072 quia

230 1102 501 1178 animadverterat,
523 1102 607 1168 hune
620 1107 699 1168 demi
712 1105 848 1167 animum
860 1103 891 1166 in
906 1123 937 1164 se
954 1103 1163 1169 convertisse:
1182 1110 1367 1191 quapropter

229 1219 369 1303 requiro:
392 1213 409 1284 ὁ
434 1217 470 1283 δέ
490 1220 604 1284 τοῦτο
630 1210 768 1306 νοήσας
796 1217 878 1298 urs,
903 1217 940 1282 ol.
964 1240 1007 1282 vs.
1031 1223 1112 1284 652:
1137 1212 1155 1284 ὁ
1178 1211 1208 1284 δ’
1227 1209 1368 1306 ὑπονοή-

231 1353 292 1406 σας
311 1333 375 1400 κτέ.
406 1333 461 1398 Vs.
495 1335 558 1396 722
592 1333 700 1416 utique
730 1334 955 1420 reponendum:
980 1326 1036 1400 οάκ
1063 1323 1171 1419 ὦγάθ’Ι
1201 1329 1233 1398 ἐν
1262 1321 1367 1417 βοάλη

230 1438 264 1528 μ’
284 1439 342 1512 ἔθ’
365 1445 404 1525 ἐξ
411 1469 469 1522 εις
490 1443 707 1534 καθυβρίσαι,
731 1449 782 1513 ubi
806 1451 907 1514 doceri
933 1449 1033 1525 velim,
1056 1471 1143 1535 quem
1168 1469 1288 1511 sensum
1313 1443 1367 1508 he-

230 1561 299 1626 bere
321 1564 419 1648 possit
450 1561 574 1648 vulgate
598 1561 692 1628 lectio
721 1587 769 1648 με
796 1556 936 1644 δόξεις.
973 1564 1093 1629 Deinde
1120 1569 1220 1629 autem
1252 1561 1367 1627 scribas

230 1677 360 1742 ibidem:
384 1680 484 1763 ίωμεν
511 1671 557 1755 οἷς
579 1676 647 1766 (pro
672 1678 715 1766 ἐς)
737 1671 792 1746 τόν
813 1681 932 1770 Δῆμον.
957 1681 1030 1747 Non
1057 1682 1157 1746 minus
1182 1684 1300 1744 eertum
1321 1699 1368 1742 ur-

230 1791 329 1859 bitror
352 1816 396 1858 us.
421 1798 484 1859 729
510 1817 553 1878 sq.
578 1794 800 1859 emendandum
825 1818 910 1860 esse:

663 1995 703 2006 -
724 1953 892 2041 ον’·κάπιτ’
912 1955 978 2029 uiuri
998 1967 1055 2052 τῆς
1076 1959 1200 2049 θύρας,

435 2064 503 2160 τήν
522 2069 549 2137 τ’
570 2063 757 2162 εἰρεσιώνην
772 2066 822 2164 μή
842 2064 1186 2164 κατασπαράξετε;

229 2288 284 2352 pro
300 2263 435 2352 vulgetis
453 2254 521 2353 τήν
543 2301 583 2310 -
602 2289 675 2348 μου
698 2260 1038 2357 κατεσπαράξατε.
1060 2269 1234 2356 Perpendus
1248 2289 1370 2355 quoqne

228 2391 330 2446 tecum
343 2380 452 2457 velim,
476 2379 517 2444 mi
538 2378 644 2458 lector,
664 2387 766 2447 utrum
785 2405 976 2471 concoquere
991 2387 1091 2471 possis
1104 2410 1148 2452 vs.
1169 2386 1233 2452 746
1245 2408 1302 2470 sq.:

383 2545 437 2612 καὶ
456 2539 518 2634 μήν
539 2537 679 2636 ποιήσας
700 2541 816 2617 αὐτίκα
836 2543 913 2636 μάλ’
933 2550 1099 2640 ἐκκλησίαν

384 2651 411 2725 ὦ
433 2652 525 2749 Δῆμ’
546 2658 590 2726 ἵν’
611 2659 722 2750 εἰδῇς
743 2653 907 2751 ὁπότερος
928 2665 989 2748 νῷν
1011 2662 1061 2743 ἐςί
1081 2684 1135 2730 σοι

384 2767 587 2865 εάνοόςερος,
609 2767 786 2864 διάκρινον,
811 2773 874 2841 ἵνα
896 2775 1010 2840 τοῦτον
1031 2775 1149 2864 φιλῇς,

228 2990 266 3031 an
292 2989 408 3046 meeum
432 2990 578 3055 reponere
596 2968 704 3033 mulis:
729 2955 757 3031 ui
787 2966 994 3056 Δημίδιον,
1021 2957 1095 3032 εἷθ’
1124 2957 1287 3056 ὁπότερος
1306 2968 1369 3038 κτέ.

228 3085 383 3168 Frequens
399 3091 499 3150 autem
520 3091 551 3150 et
563 3092 657 3150 notus
679 3091 725 3150 est
750 3107 825 3151 usus
843 3082 969 3148 voculae
983 3069 1052 3150 εἶτα
1075 3087 1147 3168 post
1170 3085 1368 3172 participium

227 3199 341 3264 illatae.
368 3201 436 3266 Neo
456 3201 585 3267 fortasse
608 3201 796 3289 improbabis
821 3200 1030 3265 coniecturam
1056 3204 1193 3263 nostrum
1224 3222 1267 3264 vs.
1304 3205 1367 3268 751

229 3316 486 3403 distinguendum
510 3341 575 3383 esse
600 3323 630 3382 et
659 3317 877 3405 corrigendum
896 3317 930 3379 in
950 3313 1034 3379 hune
1061 3314 1205 3381 modum:
1236 3308 1306 3382 άλλ’
1338 3314 1371 3392 ἐς

226 3426 265 3497 τδ
286 3420 421 3518 πρόσθε
450 3425 521 3521 χρη
541 3422 696 3519 παρτέν’
718 3429 752 3506 ἐς
774 3423 832 3516 την
853 3421 977 3508 πύκνα,
1001 3429 1055 3514 qui
1081 3452 1186 3496 versus
1210 3430 1303 3521 vulgo
1323 3433 1369 3497 sio

228 3545 391 3611 scribitur:
416 3535 487 3608 άλλ’
506 3543 539 3620 ἐς
569 3536 609 3611 τό
641 3534 788 3633 πρόσθε.
822 3542 914 3631 χρῆν
944 3534 1098 3632 παρεῖν’
1125 3543 1159 3621 ἐς
1179 3538 1235 3634 την
1257 3536 1369 3612 πύκνα.

228 3664 276 3728 cf.
298 3661 434 3728 Acheru.
453 3684 497 3726 vs.
520 3663 574 3725 43.
597 3661 713 3725 Omnes
733 3681 855 3746 quoque
874 3658 1097 3746 interpretandi
1120 3665 1250 3724 conatus
1270 3659 1370 3726 eludit

228 3802 271 3844 vs.
290 3783 371 3858 814,
394 3771 497 3843 ubido
521 3775 731 3841 Themistocle
754 3798 852 3841 sermo
875 3781 940 3840 est:
963 3765 1001 3848 ὃς
1021 3769 1177 3862 ἐποίησεν
1198 3766 1255 3862 την
1274 3765 1371 3840 πόλιν

227 3885 317 3982 ἡμῶν
337 3892 459 3981 μεςήν
478 3883 582 3981 εὑρών
604 3889 758 3982 ἐπιχειλῆ.
781 3894 825 3956 At
851 3890 1017 3977 diffugient
1040 3910 1144 3952 omnes
1172 3888 1370 3954 difficultates

228 4011 344 4096 scripto
367 4002 558 4095 μεγάλην,
582 4006 663 4091 quod
686 4030 777 4092 quam
795 4014 878 4073 reete
896 4009 1061 4092 reponatur
1085 4009 1209 4091 apparet
1233 4027 1269 4070 ex
1293 4007 1370 4093 ipsis

228 4126 379 4214 oppositis
398 4146 442 4188 vs.
467 4123 548 4186 817:
573 4112 615 4184 σά
635 4115 663 4185 δ’
684 4111 878 4208 Ἀθηναίους
898 4110 1058 4208 ἐζήτησας
1078 4118 1371 4206 μικροπολίτας

228 4235 408 4327 άιιοφῆναι.
430 4237 538 4302 Minus
561 4239 643 4302 reete
660 4233 784 4320 recepte
804 4241 851 4301 est
873 4234 1007 4300 Bentleii
1032 4233 1181 4298 correctio
1206 4257 1249 4298 vs.
1272 4236 1370 4314 1230,

229 4354 282 4420 ubi
302 4353 392 4420 oodd.
410 4338 695 4440 ίιαοοοίιφράζων
714 4341 774 4439 ἐφ’
795 4340 835 4417 οὗ
855 4339 1000 4439 δεήσει’
1018 4338 1054 4431 μ’
1075 4346 1128 4439 (si.
1153 4338 1292 4438 δεήσειν)
1314 4339 1370 4438 ἦτ-
