2990 5156
664 471 703 532 57

158 642 245 708 Stob.
266 641 347 708 Flon.
370 641 524 719 uolut
546 633 623 729 Εῠρ.
644 631 802 708 Πελιάσι·

320 747 424 844 ὁρῶσι
443 746 474 820 δ’
494 751 526 820 οἱ
548 745 692 829 διδόντες
712 751 760 829 εἰς
778 748 820 820 τα
839 744 999 843 χρήματα.

106 870 281 956 Perpetem·
303 870 561 955 interpretantur:
593 869 650 954 qui
683 870 760 933 dono
791 869 916 956 aliquid
942 871 1019 936 dont
1051 871 1095 935 οδ
1119 870 1251 936 divitior

105 993 264 1070 epectaot.
290 984 435 1073 Euripidi
462 985 494 1049 in
524 984 645 1050 deliciis
676 988 723 1049 eet
746 983 872 1050 verbnm
895 983 1025 1071 simplex
1049 972 1172 1049 derideor
1195 1005 1250 1070 pro

105 1087 273 1165 ἐκδιδόναι
291 1100 312 1165 i.
335 1123 359 1166 e.
380 1101 499 1166 elocare
512 1101 629 1186 filium.
650 1099 747 1165 Verte
764 1100 879 1188 igitur:
899 1109 1058 1184 potenter,
1082 1100 1250 1185 qothbiom

106 1212 246 1288 elocant.
255 1223 397 1300 spectent
408 1217 452 1280 αδ
460 1216 598 1280 divitior.
611 1214 659 1280 of.
670 1213 783 1291 locum,
801 1216 854 1300 qui
866 1215 946 1301 apud
960 1214 1125 1281 stobaeum
1138 1214 1250 1280 huicce

106 1329 295 1414 praecessit,
317 1331 407 1397 cuius
429 1329 561 1396 ultimus
586 1352 690 1396 verens
718 1328 771 1395 hio
798 1336 860 1396 ert:

321 1443 441 1526 μᾶλλον
462 1443 499 1509 δὲ
518 1433 691 1531 κηδείουσι
711 1446 781 1518 τοῖς
803 1435 1001 1527 εὐδαίμοσιν.

157 1788 248 1854 Stob.
284 1787 366 1856 Flor.
397 1787 505 1867 CXV,
538 1795 569 1856 6.
590 1779 667 1877 Erip.
691 1789 812 1877 Πηλεῖ·

323 1894 362 1968 ιδ
384 1901 493 1990 γῆρας,
516 1891 543 1966 oi
564 1906 636 1984 παῖ,
658 1903 723 1969 τιόν
743 1901 908 1993 νεωτέρων
928 1904 1057 1993 φρενῶν

325 2005 518 2102 σοφώτερον
538 2014 668 2103 utpote
688 2007 951 2105 κοίοφαλέςερον,

325 2115 484 2214 ἡμπειρία
505 2120 576 2216 poio
598 2129 655 2214 τῆς
677 2120 832 2217 α’πειρίας
852 2131 973 2216 κρανεῖ.

163 2238 270 2326 Vulgo
296 2260 338 2304 vs.
363 2243 383 2303 3
407 2239 485 2304 male
507 2239 624 2328 legitur
645 2229 806 2327 ἡμπειρία
824 2263 866 2305 τε
888 2241 944 2330 τῆς
964 2237 1027 2306 nt.
1053 2243 1165 2328 Recepi
1191 2232 1252 2326 γάρ

111 2379 155 2421 ex
184 2353 329 2420 Menand.
352 2361 496 2431 monost„
518 2357 591 2441 quio
614 2357 695 2421 totio
715 2355 774 2420 hoc
798 2376 888 2420 versu
910 2355 1051 2422 redditur
1066 2357 1250 2443 praeceden-

109 2475 207 2539 tium.
227 2471 272 2536 Ni
303 2472 429 2549 feceris,
457 2494 500 2537 ve.
533 2475 552 2536 3
585 2471 749 2537 admodum
771 2471 908 2558 frigebit.

614 2729 759 2747 *ι-

166 2925 251 2992 Stob.
271 2924 354 2992 Iden.
377 2924 472 3005 GXI,
497 2930 534 3002 4,
559 2915 636 3011 Erip.
658 2920 913 3012 Πρωτεσίλαος·

275 3028 378 3115 nete&
390 3035 523 3113 ἐλπίδες
540 3027 706 3126 ψεδδουσι
725 3033 765 3101 ot
787 3024 925 3121 δίλογοι
945 3024 1096 3124 βροτούς.

165 3151 217 3216 Ita
249 3151 409 3241 legebatur
443 3155 515 3217 ante
546 3149 761 3227 Diodorlinm,
801 3149 856 3234 qui
886 3147 1029 3214 codicum
1060 3153 1139 3214 AM
1158 3147 1254 3213 Vind.

116 3268 286 3334 lectionem
308 3263 362 3331 καὶ
381 3258 494 3350 δλομοι
527 3266 561 3330 in
591 3261 646 3328 καί
666 3252 764 3349 λόγον
788 3262 970 3329 mutandum
1001 3283 1066 3329 esee
1094 3262 1256 3329 iudicavit.

118 3383 224 3457 Quam
251 3381 459 3448 coniecturum
482 3381 516 3446 in
543 3384 662 3446 textum
686 3383 868 3466 receperunt
895 3379 1070 3468 Wagnerur
1102 3378 1196 3466 (647)
1224 3383 1256 3445 et

119 3495 404 3584 Nouokiusffitt).
430 3498 577 3562 Annecte
592 3496 723 3562 iecerint
746 3495 873 3577 dubit0;
896 3499 937 3573 et,
963 3495 1104 3580 quamvis
1131 3495 1164 3559 in
1187 3493 1256 3560 bre-

120 3615 250 3680 vissimo
275 3613 466 3702 fragmento,
494 3611 655 3677 deficiente
686 3611 835 3677 orationis
865 3632 964 3690 nexu,
998 3611 1124 3677 minime
1158 3610 1256 3674 ausim

120 3729 309 3798 contendere
330 3726 398 3794 iolli
422 3727 638 3805 Dindorfium‚
667 3725 748 3792 malo
767 3730 870 3792 temen
893 3727 1060 3814 suspicari,
1091 3724 1256 3791 lectionem

120 3841 160 3912 αἱ
179 3835 291 3929 δίομοι
312 3844 616 3930 interpretamentum
646 3865 711 3908 esee
733 3842 879 3909 adiectivi
903 3841 1035 3909 alicuius
1057 3845 1087 3908 et
1109 3838 1255 3926 Euripidi

120 3957 212 4024 reddi
235 3963 391 4047 oportere:

271 4061 366 4140 πόλλ’
385 4069 517 4146 ἐλπίδες
536 4061 774 4158 ψεδδονσιναί
794 4070 942 4162 τοφλαί
961 4060 1110 4161 βροτούς.

121 4185 173 4252 Gt.
197 4209 224 4252 v.
252 4209 278 4252 c.
306 4185 450 4273 Aeschyl.
473 4184 628 4252 Prometh.
655 4207 700 4251 vs.
729 4191 803 4251 250.
