2990 5156
650 449 690 512 75

104 628 255 714 siquidem
277 627 338 692 iste
361 624 448 690 locus
471 622 580 710 procul
605 623 701 689 dubio
732 627 896 710 corruptus
915 629 971 690 ast.
1000 623 1101 700 Nam,
1128 621 1238 690 utalia

101 751 235 823 taceam,
269 740 424 828 quomodo
460 737 693 816 Mnesilochus,
730 740 821 806 ouius
855 738 932 806 haec
962 738 1055 805 verba
1085 743 1175 814 sunt,
1206 760 1238 802 se

100 860 206 946 ipsum
236 857 397 924 barbarum
427 877 537 922 vocare
567 855 686 942 potnit,
714 859 768 921 ant
792 854 950 942 apprecari
972 854 1031 920 sibi
1055 853 1147 919 aliive
1170 875 1237 939 per-

7 993 9 1004 ’
100 974 215 1039 niciem
246 996 263 1037 a
293 971 379 1037 sole?
405 970 556 1038 Nondum
578 968 617 1034 ab
641 970 726 1035 omni
749 976 836 1056 parte
858 969 988 1057 repudio
1010 969 1238 1044 coniecturam,

100 1110 193 1173 quae,
215 1088 338 1172 quoties
361 1085 444 1152 bunc
467 1085 571 1150 loenm
595 1083 681 1173 lego,
702 1084 782 1150 mihi
804 1086 943 1152 venitin
964 1085 1154 1162 mentem,in
1167 1084 1238 1148 istis

7 1289 8 1294 ἵ
100 1191 282 1289 πυρφόρος
300 1196 439 1286 αἰθέρος
459 1187 562 1286 α’σαὴρ
587 1197 682 1265 latero
707 1189 923 1288 πυρφόρος
949 1190 1239 1286 ἀστεροπητής,

7 1363 8 1366 ¹
101 1316 219 1383 collato
253 1316 324 1382 loco
357 1312 532 1402 Sophocleo
566 1316 702 1382 Philoct.
738 1317 844 1378 1198:

309 1419 377 1496 οὐδ’
398 1426 429 1495 εἰ
448 1422 664 1519 πυρφόρος
686 1420 961 1516 ἀστεροπητής

309 1539 447 1627 βροντᾶς
466 1535 581 1626 αὐγαῖς
600 1534 635 1625 μ’
655 1531 719 1607 εἶσι
741 1536 917 1628 φλογόζων.

101 1657 206 1729 Quam
226 1658 328 1718 tamen
350 1653 560 1720 coniecturam
580 1676 691 1743 urgere
712 1652 802 1732 nolo,
825 1651 879 1720 sed
901 1649 962 1718 hoc
985 1673 1080 1718 unum
1099 1652 1239 1736 requiro,

101 1775 139 1836 ut
166 1791 207 1834 ne
229 1766 408 1833 istiusmodi
431 1766 510 1834 locis
533 1768 648 1853 aliquis
670 1767 756 1836 abuti
780 1765 866 1834 vetit.

144 1883 293 1968 Persequi
328 1887 432 1948 autem
465 1883 616 1959 (tritium,
647 1889 683 1949 ut
713 1881 754 1947 ad
785 1882 906 1961 locum,
939 1880 976 1946 de
1007 1903 1068 1966 quo
1099 1882 1236 1969 agimus,

99 2000 279 2075 redeamus,
302 1997 352 2063 his
376 1997 515 2064 versibus
532 2000 771 2066 Anaxanouar
789 1998 978 2073 doctrinam,
992 1997 1163 2062 rectissime
1178 1998 1238 2062 iam

101 2115 158 2180 alii
192 2119 387 2180 monuerunt
423 2113 517 2201 Diog.
550 2115 653 2180 Laert.
676 2117 728 2192 Π,
763 2117 783 2180 3
821 2115 839 2198 δ
874 2114 894 2179 8
932 2111 977 2178 cd.
1018 2112 1109 2178 Cob:
1143 2102 1240 2185 οὗτος

102 2223 193 2314 ἔλεγε
207 2221 262 2292 τόν
277 2220 366 2314 ἣλιον
386 2218 536 2314 μύδρον
556 2219 637 2294 εἶναι
656 2219 850 2315 διάπυρον
869 2225 922 2292 καὶ
941 2224 1045 2310 μείζω
1058 2227 1117 2314 τῆς
1133 2226 1239 2302 Πελο-

101 2328 263 2426 ποννήσου
302 2336 366 2404 nst.
411 2339 554 2426 Xenoph.
590 2343 718 2408 Memor.
752 2343 820 2419 IV,
855 2345 873 2406 7
909 2342 928 2425 b
962 2345 999 2406 ⁷:
1034 2328 1171 2426 φάσκων
1202 2336 1240 2402 δὲ

7 2509 9 2518 ,
104 2455 225 2538 (nempe
255 2455 472 2542 Αιιαυαροναο)
499 2448 555 2521 τόν
584 2449 675 2543 ἥλιον
700 2447 818 2522 λίθον
849 2445 1046 2541 διάπυρον
1075 2441 1155 2516 εἶναι
1185 2449 1239 2514 καὶ

8 2575 9 2578 ’
102 2557 323 2654 ταῦτ”ἠγνόει,
345 2561 626 2649 &settenguen
645 2564 729 2654 πυρὶ
750 2559 796 2632 α’όν
811 2557 888 2632 ούνε
904 2555 1027 2647 λάμπει
1043 2552 1119 2629 ούαε
1136 2553 1240 2627 πολύν

103 2671 218 2764 χρόνον
239 2675 378 2761 ἀντέχει,
401 2673 419 2745 ό
442 2669 472 2744 δ’
493 2671 584 2766 ἥλιος
604 2671 661 2744 τόν
680 2668 782 2744 πάντα
801 2668 918 2767 χρόνον
943 2667 1073 2743 πάντων
1093 2668 1239 2761 λαμπρά

101 2811 202 2865 αατος
222 2782 267 2854 ὢν
286 2788 441 2872 διαμένει.
459 2792 497 2860 cf.
522 2792 601 2860 Luc.
623 2793 744 2858 Icarum
762 2794 780 2877 b
799 2793 830 2859 7.
844 2791 933 2860 Hinc
945 2790 1077 2858 subnata
1089 2787 1165 2854 mihi
1176 2789 1238 2854 iam

102 2903 222 2989 aliquot
256 2904 371 2970 abhinc
396 2907 487 2972 anuis
521 2908 573 2993 (ei.
605 2907 761 2974 dissertat
790 2929 889 2972 meam
923 2929 954 2994 pp
988 2907 1067 2993 131)
1102 2903 1242 2991 suspicio

102 3025 163 3098 est,
189 3041 206 3083 a
228 3019 331 3084 Gritia
352 3019 428 3084 olim
453 3023 626 3108 proiectum
654 3046 721 3089 esse
746 3023 832 3089 hunc
852 3044 996 3088 versum:

258 3125 339 3198 ὅθεν
357 3155 394 3198 ca
415 3129 569 3224 λαμπρός
588 3128 789 3226 διάπυρος
809 3135 931 3220 στεόχει
950 3127 1084 3222 μύδρος.

147 3244 343 3312 Vocabulum
373 3253 475 3314 autem
499 3238 663 3336 διάπυρος
683 3252 717 3316 in
741 3241 881 3339 οἷααέρος
910 3251 996 3316 abira
1016 3247 1156 3337 potuisse
1176 3267 1240 3313 non

103 3361 283 3439 mirabitur,
306 3363 484 3449 quicunqne
506 3366 696 3441 meminerit,
723 3389 787 3453 qun
809 3366 992 3454 compendio
1016 3386 1153 3452 praepos.
1184 3353 1240 3429 διδ

104 3478 192 3565 pingi
213 3477 311 3542 soleat
332 3479 367 3542 in
391 3478 481 3545 libris
497 3482 725 3568 manuscriptis
749 3483 951 3548 (libentium
964 3479 1239 3567 commpulaeogr.

103 3591 163 3656 tab.
194 3591 239 3671 V,
270 3616 353 3658 num.
379 3599 430 3660 19.
454 3595 564 3680 Neque
586 3601 689 3661 tamen
714 3597 846 3663 absurde
868 3596 1076 3663 scriberetur:

173 3799 174 3802 Ἴ
258 3698 339 3770 ὅθεν
359 3729 397 3773 ua
418 3701 571 3797 λαμπρός
592 3707 761 3798 αἰθέρος
780 3710 901 3795 στείχει
919 3701 1055 3799 μύδρος.

147 3819 204 3883 Vs.
227 3821 281 3897 38,
305 3825 347 3886 89
372 3844 460 3887 nemo
487 3845 548 3887 non
576 3824 714 3890 monitus
748 3823 887 3890 haerebit
921 3825 956 3889 in
992 3820 1125 3887 absurdo
1155 3819 1240 3906 pleo-

104 3955 225 4010 nasmo,
251 3956 313 4019 quo
331 3935 474 4002 laborant
499 3938 589 4004 verba
609 3928 785 4024 κατῴκισεν
803 3931 859 4005 τόν
880 3926 1007 4022 δαίμον’
1028 3931 1135 4002 οἰκεῖν.

147 4050 235 4114 Haec
248 4055 349 4114 tamen
372 4074 420 4117 res
444 4075 506 4117 non
530 4052 666 4118 librariis
688 4053 768 4119 vitio
792 4050 938 4136 vertenda
961 4054 1019 4128 est,
1040 4048 1094 4116 sed
1117 4048 1240 4116 criticis

105 4165 335 4232 recentioribus.
365 4169 416 4233 Ita
447 4170 529 4234 enim
560 4170 690 4255 pessime
714 4167 915 4256 interpolavit
938 4165 1075 4233 hiulcum
1095 4163 1237 4230 codicum

105 4281 303 4367 scripturam:
324 4274 390 4347 τόν
409 4280 580 4366 δαίμονα
599 4281 664 4348 καὶ
685 4279 899 4371 enatem-u
917 4277 1030 4369 χωρίῳ
1054 4281 1133 4348 God.
1157 4279 1239 4346 Her·

106 4416 243 4461 mannus.
263 4396 364 4468 Quam
384 4396 442 4460 viri
467 4396 709 4483 ingeniosissimi
727 4397 935 4492 coniecturam
956 4395 1135 4462 inconsulto
1155 4416 1238 4460 rece·
