2990 5156
596 450 637 511 33

64 612 193 694 τουτέςι·
234 605 399 703 καθάρσει
436 615 496 683 τινί
534 613 590 685 τάν
617 619 676 708 τῆς
719 619 950 708 μητροκτονίας
996 614 1182 711 ἀπενίψατο

63 718 222 810 μολυσμόν.
243 728 347 817 Arpini
364 725 423 812 μὲν
443 717 500 795 οὖν
521 723 560 798 τδ
581 723 661 812 αἷμα
679 727 734 798 τάν
753 721 863 821 φόνον.

98 839 142 904 Er
161 842 246 928 ipsa,
274 842 385 920 credo,
410 843 612 908 Grammatici
636 845 892 933 interpretatione
914 844 1035 932 liquido
1058 851 1183 934 apparet

65 963 194 1042 corrupta
209 981 274 1022 esse
290 957 438 1024 vocabula
461 949 518 1022 σόν
537 966 569 1025 et
590 948 705 1048 μήτηρ.
728 961 927 1048 Hartungius
947 961 1136 1048 suspicatur:

256 1111 296 1124 -
319 1111 358 1122 —-
381 1064 463 1156 αἷμα
482 1061 543 1159 γάρ
563 1065 603 1139 cri
623 1073 764 1161 μητέρος
784 1065 962 1161 ἀπενίψαά

63 1183 183 1251 Bothius

273 1291 324 1364 ὅδ’
343 1290 425 1380 αἷμα
442 1289 505 1386 γάρ
526 1318 578 1365 σοι
596 1291 731 1389 μήτριον
750 1291 946 1390 ἀπενίψατο.

62 1435 121 1478 cum
144 1413 256 1498 quibus
278 1413 466 1478 coniecturis
489 1435 551 1477 non
575 1414 691 1500 optime
712 1414 843 1498 quadrat
866 1415 1067 1482 Grammatici
1083 1415 1183 1503 expli-

61 1529 140 1594 catio.
162 1528 231 1616 Ego
247 1528 328 1592 facio
351 1550 421 1592 cum
439 1528 613 1616 Wagnero,
636 1553 653 1594 c
675 1529 772 1596 Ghori
795 1532 918 1596 cantico
941 1553 1048 1598 versus
1072 1532 1182 1597 ductos

60 1666 117 1709 esse
137 1644 292 1732 opinanti,
317 1648 349 1709 et
376 1643 571 1711 choriambon
592 1645 685 1712 hosce
711 1645 808 1712 latere
834 1647 981 1734 suspicor

297 1747 378 1841 αἷμα
396 1750 459 1845 γάρ
481 1751 629 1847 μυσαρὸν
646 1754 769 1848 μητρὸς
788 1757 944 1849 ἐνίψατο,

65 1869 95 1934 ci
114 1873 212 1937 Orest.
235 1893 263 1936 v.
286 1873 389 1936 1634:
421 1909 460 1920 -
482 1863 563 1955 αἷμα
588 1864 713 1960 μητρὸς
746 1867 892 1959 μυσαρδν
926 1869 1181 1960 ἐξειργασμένος.

61 1987 94 2050 In
117 1987 250 2074 vulgatis
274 1985 399 2052 verbum
423 1985 631 2072 compositum
654 1979 840 2073 ἀπενίψατο
859 2008 897 2051 ex
918 1968 1183 2072 interpretatione,

59 2123 128 2185 quae
148 2101 367 2188 subiungitur,
388 2101 517 2166 fluxisse
549 2098 748 2178 crediderim
771 2123 841 2166 nam
863 2102 995 2189 tragicis
1017 2082 1047 2166 hss
1069 2123 1093 2166 s
1115 2123 1184 2168 ver·

57 2215 126 2282 burn
140 2216 267 2304 simplex
282 2216 563 2302 frequentissimum
576 2213 688 2302 est(cf.
712 2214 806 2302 Soph.
828 2217 866 2282 Ο.
889 2217 928 2282 R.
948 2216 1051 2294 122&
1064 2216 1138 2282 Eur.
1155 2217 1183 2284 Ι.

57 2332 89 2396 Τ.
114 2331 345 2420 1338;Supp1.
369 2332 469 2418 ten:
494 2331 698 2419 compositum
722 2319 887 2410 ἀπονίζειν
902 2333 1019 2411 vereor,
1042 2338 1079 2399 ut
1102 2331 1182 2418 apud

55 2445 121 2511 illos
141 2448 322 2534 reperiatur.

93 2795 170 2861 Stob
193 2795 327 2873 XLIII,
351 2786 598 2886 santonicae
620 2787 846 2883 Ἀλκμήνης·

132 2903 284 3000 ἀτρέκεια
302 2903 333 2977 δ’
351 2898 464 3000 ἀριςον
483 2901 602 3000 ἀνδρός
621 2906 659 2975 ἐν
678 2903 791 2977 πόλει
811 2903 968 2973 δικαίου
988 2904 1091 2973 πέλει.

91 3021 245 3090 Everbis
276 3025 518 3113 corruptissimis
553 3023 639 3089 facili
666 3023 793 3110 negotio
816 3020 922 3087 elicias
947 3021 1030 3087 hunc
1053 3026 1182 3088 octona-

52 3137 126 3204 rium
149 3139 357 3206 trochaicum:

192 3243 330 3342 ἀτρέκεί
350 3243 464 3341 ἀριςον
483 3243 602 3340 ἀνδρός
622 3241 745 3316 ὅπλον
766 3247 919 3315 ἐνδίκου
940 3249 1043 3317 πέλει.

51 3363 68 3428 i.
83 3388 106 3430 e.
121 3367 240 3432 veritas
255 3369 401 3452 optimam
416 3375 462 3433 ειί
477 3369 538 3432 ciri
550 3367 630 3431 iusti
644 3373 763 3431 centnm
775 3363 840 3440 vel,
862 3362 946 3447 quod
962 3363 1067 3430 eodem
1083 3363 1181 3442 redit,

53 3482 184 3547 senarios
208 3481 317 3547 hosce:

662 3585 812 3681 ἀτρέκεια
831 3589 869 3656 δὲ

265 3697 378 3795 ἀριςον
399 3699 517 3796 ἀνδρδς
537 3699 660 3773 ὅπλον
680 3702 837 3770 ἐνδίκου
857 3700 960 3768 πέλει.

91 3818 230 3908 Vulgata
250 3820 345 3886 lectio
362 3823 514 3910 originem
538 3821 647 3886 debere
670 3819 793 3884 videtur
808 3816 986 3881 huiusmodi
999 3817 1031 3881 in
1053 3818 1179 3902 antiqno

530 3927 624 3998 ἀντίον

53 4019 152 4085 codice
180 4023 368 4108 scripturae:
391 4012 509 4108 ἀνδρός
525 4019 648 4088 ἐνδίκου
670 4018 782 4101 πέλοις
805 4018 887 4083 unde
911 4020 1040 4105 primum
1072 4024 1178 4084 natum

51 4140 107 4198 est:
130 4126 249 4223 ἀνδρὸς
279 4134 312 4201 ἐν
336 4130 440 4201 ὅπλον
464 4133 555 4200 δίκου
575 4132 683 4212 πέλει,
717 4133 827 4198 deinde
861 4135 1043 4199 correctoris
1074 4135 1179 4198 nescio

53 4250 133 4314 cuius
155 4251 338 4338 sagacitate:
360 4239 478 4334 ἀνδρός
498 4243 530 4311 ἐν
551 4237 647 4312 πόλει
668 4246 793 4313 δικαίου
815 4245 917 4314 πέλει.
